<record><header><identifier>oai:alma.41SLSP_UGE:991000773429705502</identifier><datestamp>2023-03-01T01:10:18Z</datestamp><setSpec>uge_bcen_RapidILL_BOOK</setSpec><setSpec>uge_aaca_RapidILL_BOOK</setSpec><setSpec>uge_abels_RapidILL_BOOK</setSpec><setSpec>uge_dbu_RapidILL_BOOK</setSpec><setSpec>uge_cmu_RapidILL_BOOK</setSpec><setSpec>uge_mail_RapidILL_BOOK</setSpec><setSpec>UNIGE_ALL</setSpec><setSpec>uge_abbat_RapidILL_BOOK</setSpec><setSpec>uge_aobs_RapidILL_BOOK</setSpec><setSpec>uge_acar_RapidILL_BOOK</setSpec></header><metadata>
<record xmlns="http://www.loc.gov/MARC21/slim" xmlns:xsi="http://www.w3.org/2001/XMLSchema-instance" xsi:schemaLocation="http://www.loc.gov/MARC21/slim http://www.loc.gov/standards/marcxml/schema/MARC21slim.xsd"><leader>02412nam a2200697 c 4500</leader><controlfield tag="001">991000773429705502</controlfield><controlfield tag="005">20201230225502.0</controlfield><controlfield tag="008">201011s1993    it ||||| |||| 00| ||ita d</controlfield><datafield ind1=" " ind2=" " tag="020"><subfield code="a">8842702900</subfield></datafield><datafield ind1=" " ind2=" " tag="035"><subfield code="a">(swissbib)229888836-41slsp_network</subfield></datafield><datafield ind1=" " ind2=" " tag="035"><subfield code="a">229888836</subfield><subfield code="9">ExL</subfield></datafield><datafield ind1=" " ind2=" " tag="035"><subfield code="a">(RERO)1870735-41slsp</subfield></datafield><datafield ind1=" " ind2=" " tag="035"><subfield code="a">(NEBIS)001348487EBI01</subfield></datafield><datafield ind1=" " ind2=" " tag="035"><subfield code="a">(IDSBB)000974430DSV01</subfield></datafield><datafield ind1=" " ind2=" " tag="035"><subfield code="a">(EXLNZ-41SLSP_NETWORK)991127601449705501</subfield></datafield><datafield ind1=" " ind2=" " tag="040"><subfield code="a">RERO labcud</subfield><subfield code="d">CH-ZuSLS</subfield></datafield><datafield ind1=" " ind2=" " tag="050"><subfield code="a">DE86</subfield><subfield code="b">.S88 1984 vol. 5</subfield></datafield><datafield ind1=" " ind2="7" tag="072"><subfield code="a">ha</subfield><subfield code="2">rero</subfield></datafield><datafield ind1=" " ind2="7" tag="072"><subfield code="a">ag</subfield><subfield code="2">SzZuIDS BS/BE</subfield></datafield><datafield ind1="1" ind2=" " tag="080"><subfield code="a">938.08</subfield></datafield><datafield ind1="0" ind2="4" tag="082"><subfield code="a">939.21</subfield><subfield code="2">22</subfield></datafield><datafield ind1="0" ind2="4" tag="082"><subfield code="a">939</subfield><subfield code="b">VIR</subfield></datafield><datafield ind1="1" ind2="4" tag="082"><subfield code="a">939.21</subfield><subfield code="2">22</subfield></datafield><datafield ind1="1" ind2="4" tag="082"><subfield code="a">930</subfield><subfield code="2">15</subfield></datafield><datafield ind1=" " ind2=" " tag="084"><subfield code="a">NH 6730</subfield><subfield code="2">rvk</subfield></datafield><datafield ind1=" " ind2=" " tag="084"><subfield code="a">6,14</subfield><subfield code="2">ssgn</subfield></datafield><datafield ind1="1" ind2=" " tag="100"><subfield code="a">Virgilio, Biagio</subfield><subfield code="d">1944-</subfield><subfield code="0">(DE-588)1055743634</subfield><subfield code="6">880-01</subfield></datafield><datafield ind1="1" ind2=" " tag="880"><subfield code="6">100-01</subfield><subfield code="a">Virgilio, Biagio</subfield><subfield code="d">1944-....</subfield><subfield code="0">(IDREF)02836998X</subfield><subfield code="4">cre</subfield></datafield><datafield ind1="1" ind2="0" tag="245"><subfield code="a">&lt;&lt;Gli&gt;&gt; Attalidi di Pergamo</subfield><subfield code="b">fama, eredità, memoria</subfield><subfield code="c">Biagio Virgilio</subfield></datafield><datafield ind1=" " ind2="1" tag="264"><subfield code="a">Pisa</subfield><subfield code="b">Giardini</subfield><subfield code="c">1993</subfield></datafield><datafield ind1=" " ind2=" " tag="300"><subfield code="a">138 p., XXXII p. de pl.</subfield><subfield code="c">26 cm</subfield></datafield><datafield ind1=" " ind2=" " tag="336"><subfield code="b">txt</subfield><subfield code="2">rdacontent</subfield></datafield><datafield ind1=" " ind2=" " tag="337"><subfield code="b">n</subfield><subfield code="2">rdamedia</subfield></datafield><datafield ind1=" " ind2=" " tag="338"><subfield code="b">nc</subfield><subfield code="2">rdacarrier</subfield></datafield><datafield ind1="1" ind2=" " tag="490"><subfield code="a">Studi ellenistici</subfield><subfield code="v">5</subfield></datafield><datafield ind1="1" ind2=" " tag="490"><subfield code="a">Biblioteca di studi antichi</subfield><subfield code="v">70</subfield></datafield><datafield ind1="0" ind2="7" tag="600"><subfield code="a">Attalides</subfield><subfield code="c">(dynastie)</subfield><subfield code="0">(RERO)A010047045</subfield><subfield code="2">rero</subfield></datafield><datafield ind1="0" ind2="7" tag="600"><subfield code="a">Attaliden</subfield><subfield code="0">(DE-588)119271753</subfield><subfield code="2">gnd</subfield></datafield><datafield ind1="0" ind2="0" tag="600"><subfield code="a">Attalid dynasty</subfield><subfield code="d">282-133 B.C.</subfield></datafield><datafield ind1="1" ind2="7" tag="600"><subfield code="a">Attalos (Pergamenisches Reich, König, 1)</subfield><subfield code="2">idszbz</subfield></datafield><datafield ind1="1" ind2="7" tag="600"><subfield code="a">Attalos (Pergamenisches Reich, König, 2)</subfield><subfield code="2">idszbz</subfield></datafield><datafield ind1="1" ind2="7" tag="600"><subfield code="a">Attalos (Pergamenisches Reich, König, 3)</subfield><subfield code="2">idszbz</subfield></datafield><datafield ind1="3" ind2="0" tag="600"><subfield code="a">Attalid dynasty</subfield><subfield code="d">282-133 B.C.</subfield></datafield><datafield ind1=" " ind2="7" tag="648"><subfield code="a">Geschichte 2698 v. Chr.-133 v. Chr</subfield><subfield code="2">gnd</subfield></datafield><datafield ind1=" " ind2="7" tag="648"><subfield code="a">Geschichte</subfield><subfield code="2">idszbz</subfield></datafield><datafield ind1=" " ind2="7" tag="648"><subfield code="a">Geschichte 500 v.Chr.-0</subfield><subfield code="2">idszbz</subfield></datafield><datafield ind1=" " ind2="0" tag="650"><subfield code="a">Hellenism</subfield></datafield><datafield ind1=" " ind2="7" tag="650"><subfield code="a">Geschichte</subfield><subfield code="0">(DE-588)4020517-4</subfield><subfield code="2">gnd</subfield></datafield><datafield ind1=" " ind2="7" tag="650"><subfield code="a">Attaliden</subfield><subfield code="2">idsbb</subfield></datafield><datafield ind1=" " ind2="7" tag="651"><subfield code="a">Pergamenisches Reich</subfield><subfield code="0">(DE-588)4075981-7</subfield><subfield code="2">gnd</subfield></datafield><datafield ind1=" " ind2="0" tag="651"><subfield code="a">Bergama (Turkey)</subfield><subfield code="x">History</subfield></datafield><datafield ind1=" " ind2="0" tag="651"><subfield code="a">Greece</subfield><subfield code="x">Civilization</subfield><subfield code="y">To 146 B.C</subfield></datafield><datafield ind1=" " ind2="7" tag="651"><subfield code="a">Pergamon</subfield><subfield code="2">idszbz</subfield></datafield><datafield ind1=" " ind2="7" tag="651"><subfield code="a">Pergamon</subfield><subfield code="y">Geschichte</subfield><subfield code="2">idsbb</subfield></datafield><datafield ind1=" " ind2="7" tag="655"><subfield code="a">Biographie</subfield><subfield code="2">idszbz</subfield></datafield><datafield ind1=" " ind2=" " tag="690"><subfield code="a">Pergamon</subfield><subfield code="2">ubs-AA</subfield></datafield><datafield ind1=" " ind2=" " tag="690"><subfield code="a">Plastik. hellenistisch</subfield><subfield code="2">ubs-AA</subfield></datafield><datafield ind1=" " ind2=" " tag="830"><subfield code="a">Biblioteca di studi antichi</subfield><subfield code="v">70</subfield><subfield code="w">(RERO)0245769-41slsp</subfield></datafield><datafield ind1=" " ind2=" " tag="830"><subfield code="a">Studi ellenistici</subfield><subfield code="v">5</subfield><subfield code="w">(NEBIS)002088493EBI01</subfield></datafield><datafield ind1=" " ind2=" " tag="830"><subfield code="a">Biblioteca di studi antichi</subfield><subfield code="v">70</subfield><subfield code="w">(IDSBB)000038936DSV01</subfield></datafield><datafield ind1=" " ind2=" " tag="900"><subfield code="a">REROnoselfmerge</subfield></datafield><datafield ind1=" " ind2=" " tag="900"><subfield code="f">IDSU2medea</subfield></datafield></record>
</metadata></record>