<record><header><identifier>oai:alma.41SLSP_UGE:991000773219705502</identifier><datestamp>2023-03-01T01:10:18Z</datestamp><setSpec>uge_bcen_RapidILL_BOOK</setSpec><setSpec>uge_aaca_RapidILL_BOOK</setSpec><setSpec>uge_abels_RapidILL_BOOK</setSpec><setSpec>uge_dbu_RapidILL_BOOK</setSpec><setSpec>uge_cmu_RapidILL_BOOK</setSpec><setSpec>uge_mail_RapidILL_BOOK</setSpec><setSpec>UNIGE_ALL</setSpec><setSpec>uge_abbat_RapidILL_BOOK</setSpec><setSpec>uge_aobs_RapidILL_BOOK</setSpec><setSpec>uge_acar_RapidILL_BOOK</setSpec></header><metadata>
<record xmlns="http://www.loc.gov/MARC21/slim" xmlns:xsi="http://www.w3.org/2001/XMLSchema-instance" xsi:schemaLocation="http://www.loc.gov/MARC21/slim http://www.loc.gov/standards/marcxml/schema/MARC21slim.xsd"><leader>02001nam a2200409 c 4500</leader><controlfield tag="001">991000773219705502</controlfield><controlfield tag="005">20230117180526.0</controlfield><controlfield tag="008">201012t19941994fr ||||| |||| 00| ||fre d</controlfield><datafield ind1=" " ind2=" " tag="020"><subfield code="a">2876601524</subfield></datafield><datafield ind1="7" ind2=" " tag="024"><subfield code="a">http://catalogue.bnf.fr/ark:/12148/cb366795305</subfield><subfield code="2">uri</subfield></datafield><datafield ind1=" " ind2=" " tag="035"><subfield code="a">(swissbib)237113953-41slsp_network</subfield></datafield><datafield ind1=" " ind2=" " tag="035"><subfield code="a">237113953</subfield><subfield code="9">ExL</subfield></datafield><datafield ind1=" " ind2=" " tag="035"><subfield code="a">(RERO)2094539-41slsp</subfield></datafield><datafield ind1=" " ind2=" " tag="035"><subfield code="a">(IDSBB)001163186DSV01</subfield></datafield><datafield ind1=" " ind2=" " tag="035"><subfield code="a">(EXLNZ-41SLSP_NETWORK)991009751799705501</subfield></datafield><datafield ind1=" " ind2=" " tag="040"><subfield code="a">RERO geuarc</subfield><subfield code="d">CH-ZuSLS</subfield></datafield><datafield ind1=" " ind2="7" tag="072"><subfield code="a">ur</subfield><subfield code="2">rero</subfield></datafield><datafield ind1=" " ind2="7" tag="072"><subfield code="a">kh</subfield><subfield code="2">SzZuIDS BS/BE</subfield></datafield><datafield ind1=" " ind2=" " tag="084"><subfield code="a">LM 22000</subfield><subfield code="2">rvk</subfield></datafield><datafield ind1="0" ind2="0" tag="245"><subfield code="a">Blois</subfield><subfield code="b">un amphithéâtre sur la Loire : [exposition organisée par le Musée des beaux-arts du château de Blois et présentée au château de Blois du 24 septembre 1994 au 8 janvier 1995]</subfield></datafield><datafield ind1=" " ind2="1" tag="264"><subfield code="a">Blois</subfield><subfield code="b">Musée des beaux-arts du château de Blois</subfield><subfield code="a">Paris</subfield><subfield code="b">A. Biro</subfield><subfield code="c">1994</subfield></datafield><datafield ind1=" " ind2="4" tag="264"><subfield code="c">© 1994</subfield></datafield><datafield ind1=" " ind2=" " tag="300"><subfield code="a">189 p.</subfield><subfield code="b">ill.</subfield><subfield code="c">28 cm</subfield><subfield code="e">brochure (11 p.)</subfield></datafield><datafield ind1=" " ind2=" " tag="336"><subfield code="b">txt</subfield><subfield code="2">rdacontent</subfield></datafield><datafield ind1=" " ind2=" " tag="337"><subfield code="b">n</subfield><subfield code="2">rdamedia</subfield></datafield><datafield ind1=" " ind2=" " tag="338"><subfield code="b">nc</subfield><subfield code="2">rdacarrier</subfield></datafield><datafield ind1=" " ind2=" " tag="500"><subfield code="a">La brochure jointe &quot;Itinéraires dans la ville&quot; propose des itinéraires de visite de la ville selon les époques historiques (moyen-âge, renaissance, XVIIe s., XVIIIe s., XIXe s., XXe s.)</subfield></datafield><datafield ind1=" " ind2=" " tag="500"><subfield code="a">Cette publication accompagne l'exposition &quot;Blois, un amphithéâtre sur la Loire&quot;, organisé par le musé des Beaux-Arts du château de Blois et présentée au Château de Blois du 24 septembre 1994 au 8 janvier 1995</subfield></datafield><datafield ind1=" " ind2=" " tag="500"><subfield code="a">Ausstellung (Blois ; Château de Blois ; 1994/95)</subfield></datafield><datafield ind1=" " ind2="7" tag="650"><subfield code="a">410-1994</subfield><subfield code="2">rero</subfield></datafield><datafield ind1=" " ind2="7" tag="650"><subfield code="a">Moyen âge</subfield><subfield code="0">(IDREF)027329917</subfield><subfield code="2">idref</subfield></datafield><datafield ind1=" " ind2="7" tag="651"><subfield code="a">Blois (Loir-et-Cher)</subfield><subfield code="0">(IDREF)027339351</subfield><subfield code="2">idref</subfield></datafield><datafield ind1=" " ind2="7" tag="651"><subfield code="a">Blois</subfield><subfield code="x">Architektur</subfield><subfield code="y">Geschichte</subfield><subfield code="v">Ausstellungskatalog</subfield><subfield code="2">idsbb</subfield></datafield><datafield ind1=" " ind2="7" tag="655"><subfield code="a">Catalogues d'exposition</subfield><subfield code="0">(IDREF)027320456</subfield><subfield code="2">idref</subfield></datafield><datafield ind1=" " ind2="7" tag="655"><subfield code="a">Ausstellungskatalog</subfield><subfield code="z">Blois</subfield><subfield code="y">1994-1995</subfield><subfield code="2">gnd-content</subfield></datafield><datafield ind1="2" ind2=" " tag="710"><subfield code="a">Musée des beaux-arts</subfield><subfield code="g">Blois, Loir-et-Cher</subfield><subfield code="0">(IDREF)033383057</subfield></datafield><datafield ind1="2" ind2=" " tag="710"><subfield code="a">Château de Blois</subfield><subfield code="0">(IDREF)031512003</subfield></datafield><datafield ind1=" " ind2=" " tag="900"><subfield code="a">REROnoselfmerge</subfield></datafield></record>
</metadata></record>