<record><header><identifier>oai:alma.41SLSP_UGE:991000773529705502</identifier><datestamp>2023-12-23T01:26:56Z</datestamp><setSpec>uge_bcen_RapidILL_BOOK</setSpec><setSpec>uge_aaca_RapidILL_BOOK</setSpec><setSpec>uge_abels_RapidILL_BOOK</setSpec><setSpec>uge_dbu_RapidILL_BOOK</setSpec><setSpec>uge_cmu_RapidILL_BOOK</setSpec><setSpec>uge_mail_RapidILL_BOOK</setSpec><setSpec>uge_abbat_RapidILL_BOOK</setSpec><setSpec>UNIGE_ALL</setSpec><setSpec>uge_aobs_RapidILL_BOOK</setSpec><setSpec>uge_acar_RapidILL_BOOK</setSpec></header><metadata>
<record xmlns="http://www.loc.gov/MARC21/slim" xmlns:xsi="http://www.w3.org/2001/XMLSchema-instance" xsi:schemaLocation="http://www.loc.gov/MARC21/slim http://www.loc.gov/standards/marcxml/schema/MARC21slim.xsd"><leader>05630nam a2200817 c 4500</leader><controlfield tag="001">991000773529705502</controlfield><controlfield tag="005">20230702070024.0</controlfield><controlfield tag="008">201011s2007    gw       ||||u000 u eng|d</controlfield><datafield ind1=" " ind2=" " tag="015"><subfield code="a">GFR-DNB-05,N15,0731</subfield></datafield><datafield ind1="7" ind2=" " tag="016"><subfield code="a">974200964</subfield><subfield code="2">GyFmDB</subfield></datafield><datafield ind1=" " ind2=" " tag="020"><subfield code="a">9783540688297</subfield><subfield code="q">eBook</subfield></datafield><datafield ind1=" " ind2=" " tag="020"><subfield code="a">3540254846</subfield><subfield code="c">Pb. : ca. EUR 42.75 (freier Pr.), ca. sfr 73.00 (freier Pr.)</subfield></datafield><datafield ind1=" " ind2=" " tag="020"><subfield code="a">9783540254843</subfield><subfield code="c">Pb. : ca. EUR 42.75 (freier Pr.), ca. sfr 73.00 (freier Pr.)</subfield></datafield><datafield ind1=" " ind2=" " tag="035"><subfield code="a">(swissbib)23182503X-41slsp_network</subfield></datafield><datafield ind1=" " ind2=" " tag="035"><subfield code="a">23182503X</subfield><subfield code="9">ExL</subfield></datafield><datafield ind1=" " ind2=" " tag="035"><subfield code="a">(NEBIS)005077294EBI01</subfield></datafield><datafield ind1=" " ind2=" " tag="035"><subfield code="a">(RERO)R004669590-41slsp</subfield></datafield><datafield ind1=" " ind2=" " tag="035"><subfield code="a">(IDSBB)003620504DSV01</subfield></datafield><datafield ind1=" " ind2=" " tag="035"><subfield code="a">(IDSSG)000336094HSB01</subfield></datafield><datafield ind1=" " ind2=" " tag="035"><subfield code="a">(EXLNZ-41SLSP_NETWORK)991137602949705501</subfield></datafield><datafield ind1=" " ind2=" " tag="040"><subfield code="a">DDB</subfield><subfield code="d">CH-ZuSLS</subfield></datafield><datafield ind1="0" ind2=" " tag="041"><subfield code="a">eng</subfield></datafield><datafield ind1=" " ind2=" " tag="044"><subfield code="a">gw</subfield></datafield><datafield ind1=" " ind2="7" tag="072"><subfield code="a">ma</subfield><subfield code="2">rero</subfield></datafield><datafield ind1=" " ind2="7" tag="072"><subfield code="a">mt</subfield><subfield code="2">SzZuIDS BS/BE</subfield></datafield><datafield ind1="0" ind2="4" tag="082"><subfield code="a">519.2</subfield><subfield code="2">23</subfield></datafield><datafield ind1="0" ind2="4" tag="082"><subfield code="a">519.2 22</subfield><subfield code="2">22</subfield></datafield><datafield ind1="0" ind2="4" tag="082"><subfield code="a">500</subfield></datafield><datafield ind1="0" ind2="4" tag="082"><subfield code="a">510</subfield></datafield><datafield ind1="1" ind2="4" tag="082"><subfield code="a">510</subfield><subfield code="2">15</subfield></datafield><datafield ind1=" " ind2=" " tag="084"><subfield code="a">60W</subfield><subfield code="2">msc</subfield></datafield><datafield ind1=" " ind2=" " tag="084"><subfield code="a">SK 820</subfield><subfield code="2">rvk</subfield></datafield><datafield ind1="1" ind2=" " tag="100"><subfield code="6">880-01</subfield><subfield code="a">Koralov, Leonid B.</subfield><subfield code="0">(IDREF)117702757</subfield><subfield code="4">cre</subfield></datafield><datafield ind1="1" ind2=" " tag="880"><subfield code="a">Koralov, Leonid B.</subfield><subfield code="0">(DE-588)1089441371</subfield><subfield code="6">100-01</subfield></datafield><datafield ind1="1" ind2="0" tag="245"><subfield code="a">Theory of probability and random processes</subfield><subfield code="c">Leonid B. Koralov, Yakov G. Sinai</subfield></datafield><datafield ind1=" " ind2=" " tag="250"><subfield code="a">2nd ed.</subfield></datafield><datafield ind1=" " ind2="1" tag="264"><subfield code="a">Berlin</subfield><subfield code="b">Springer</subfield><subfield code="c">2007</subfield></datafield><datafield ind1=" " ind2=" " tag="300"><subfield code="a">353 S.</subfield></datafield><datafield ind1=" " ind2=" " tag="336"><subfield code="b">txt</subfield><subfield code="2">rdacontent</subfield></datafield><datafield ind1=" " ind2=" " tag="337"><subfield code="b">n</subfield><subfield code="2">rdamedia</subfield></datafield><datafield ind1=" " ind2=" " tag="338"><subfield code="b">nc</subfield><subfield code="2">rdacarrier</subfield></datafield><datafield ind1="0" ind2=" " tag="490"><subfield code="a">Universitext</subfield></datafield><datafield ind1=" " ind2="7" tag="650"><subfield code="a">Stochastischer Prozess</subfield><subfield code="2">idszbz</subfield></datafield><datafield ind1=" " ind2="7" tag="650"><subfield code="a">Wahrscheinlichkeitstheorie</subfield><subfield code="2">idszbz</subfield></datafield><datafield ind1=" " ind2="0" tag="650"><subfield code="a">Distribution (Probability theory)</subfield></datafield><datafield ind1=" " ind2="0" tag="650"><subfield code="a">Mathematics</subfield></datafield><datafield ind1=" " ind2="0" tag="650"><subfield code="a">Probabilities</subfield></datafield><datafield ind1=" " ind2="0" tag="650"><subfield code="a">Probability Theory and Stochastic Processes</subfield></datafield><datafield ind1=" " ind2="0" tag="650"><subfield code="a">Random fields</subfield></datafield><datafield ind1=" " ind2="0" tag="650"><subfield code="a">Stochastic processes</subfield></datafield><datafield ind1=" " ind2="7" tag="650"><subfield code="a">LEHRBÜCHER (DOKUMENTENTYP)</subfield><subfield code="9">ger</subfield><subfield code="0">(ETHUDK)000000099</subfield><subfield code="2">ethudk</subfield></datafield><datafield ind1=" " ind2="7" tag="650"><subfield code="a">WAHRSCHEINLICHKEITSTHEORIE UND STOCHASTISCHE PROZESSE (MATHEMATIK)</subfield><subfield code="9">ger</subfield><subfield code="0">(ETHUDK)000013522</subfield><subfield code="2">ethudk</subfield></datafield><datafield ind1=" " ind2="7" tag="650"><subfield code="a">Wahrscheinlichkeit (Math.)</subfield><subfield code="v">0 Gesamtdarstellung</subfield><subfield code="2">idsbb</subfield></datafield><datafield ind1=" " ind2="7" tag="650"><subfield code="a">Stochastischer Prozess</subfield><subfield code="v">0 Gesamtdarstellung</subfield><subfield code="2">idsbb</subfield></datafield><datafield ind1=" " ind2="7" tag="650"><subfield code="a">Stochastischer Prozess</subfield><subfield code="0">(DE-588)4057630-9</subfield><subfield code="2">gnd</subfield></datafield><datafield ind1=" " ind2="7" tag="650"><subfield code="a">Wahrscheinlichkeitstheorie</subfield><subfield code="0">(DE-588)4079013-7</subfield><subfield code="2">gnd</subfield></datafield><datafield ind1=" " ind2="7" tag="655"><subfield code="a">Lehrbuch</subfield><subfield code="2">idszbz</subfield></datafield><datafield ind1=" " ind2="7" tag="655"><subfield code="a">Lehrbuch</subfield><subfield code="2">gnd-content</subfield></datafield><datafield ind1=" " ind2=" " tag="690"><subfield code="a">519.21</subfield><subfield code="d">Wahrscheinlichkeitstheorie und stochastische Prozesse</subfield><subfield code="2">uzb-UK</subfield></datafield><datafield ind1=" " ind2=" " tag="690"><subfield code="a">Markov-Prozess; Martingale; Zufallsvariable; Satz; Integral; Gesetz; Konvergenz; Verteilungsfunktion; Matrix; Differentialgleichung; Eigenschaft; Erwartung; Markov-Kette; Gauß-Prozess; Wahrscheinlichkeit; Zufall; Bedienungstheorie; Formel; Gruppentheorie; Statistische Verteilung; Unabhängigkeit; Zahl; Homogenisieren; Poisson-Prozess; Index; Lemma; Maßzahl; Abweichung; Laplace-Gleichung; Prinzip; Theorem; Umwandlung; Variation</subfield><subfield code="2">idssg-J</subfield></datafield><datafield ind1=" " ind2=" " tag="690"><subfield code="a">Grenzwertsatz; Irrfahrt; Montecarlomethode; Phasenumwandlung; Reflexionsprinzip; Renormierungsgruppentheorie; Ergodensatz; Grundeigenschaft; Markoveigenschaft; Halbkreis; Stoppzeit; Wahrscheinlichkeitsraum; Zufallsfeld; Zufallsmatrize</subfield><subfield code="2">idssg-J</subfield></datafield><datafield ind1=" " ind2=" " tag="690"><subfield code="a">anderes Faktum; regelmäßige Wahrscheinlichkeit; allgemeine Markovkette; anderer Grenzwertsatz; bedingt Martingale; bedingte Erwartung; bedingte Unabhängigkeit; bedingte Wahrscheinlichkeit; brownsche Bewegung; charakteristische Funktion; diskreter Wahrscheinlichkeitsraum; einfach Processes; endliche Anzahl; finit State; gaußscher Zufall; große Abweichung; große Anwendung; große Zahl; grundlegendes Konzept; induzierte Maßnahme; induzierte Verteilungsfunktion; infinitesimale Matrix; integrierbar Martingale; interessantes Problem; konvexes Polygon; lebesguesches Integral; lokal Martingale; lokaler Grenzwertsatz; mathematische Erwartung; maßtreue Transformation; nützliches Faktum; positive Matrix; schwache Kompaktheit; schwache Konvergenz; schwache Verteilung; spektrale Darstellung; starker Markow; starkes Gesetz; starke Lösung; starke Markoveigenschaft; stationärer Prozess; stationärer Zufallsprozess; stochastisch PDEs; stochastische Differenzialgleichung; stochastisches Integral; unabhängiger Versuch; weitere Eigenschaft; wiener Messe; zentraler Grenzwertsatz; zentrale Renormierungsgruppentheorie; zufällig Walks; zweite Ausgabe; äquivalente Formulierung</subfield><subfield code="2">idssg-J</subfield></datafield><datafield ind1=" " ind2=" " tag="690"><subfield code="a">Ägypten C7EGYP; Monaco C4EXMN</subfield><subfield code="2">idssg-J</subfield></datafield><datafield ind1=" " ind2=" " tag="690"><subfield code="a">Borel Cantelli Lemmata; Conditional Expectations; Dirichlet; finit State Raum; gaußsch Zufalls Vectors; Gibbs Random Fields; Kolmogorov Konsistenz Satz; Lebesgue; Leonid Koralov Yakov; Markow; Messe Donsker Satz; Moivre Laplace Grenzwertsatz; Non Ergodic MarkovKetten; Of Elementary Outcomes; Poisson; regelmäßig Bedingte Wahrscheinlichkeiten; schwach Kompaktheit Beklemmung; Sense Stationary Zufallsprozesse; stark Markov Eigentum; Teil Wahrscheinlichkeitstheorie Zufallsvariable; White Noise; Wigner Halbkreis Gesetz; Zufallsprozess Leonid Koralov Yakov Sinai Wahrscheinlichkeitstheorie; Zufallsprozess Zweite Ausgabe Springer</subfield><subfield code="2">idssg-J</subfield></datafield><datafield ind1="1" ind2=" " tag="700"><subfield code="a">Sinaj, Âkov Grigorʹevič</subfield><subfield code="d">1935-....</subfield><subfield code="0">(IDREF)031926576</subfield></datafield><datafield ind1="1" ind2=" " tag="700"><subfield code="a">Sinai, Yakov G.</subfield></datafield><datafield ind1="1" ind2=" " tag="700"><subfield code="a">Sinaj, Jakov G.</subfield><subfield code="d">1935-</subfield><subfield code="0">(DE-588)124663079</subfield></datafield><datafield ind1="4" ind2=" " tag="856"><subfield code="u">https://tools.unisg.ch/url/hm00204247</subfield><subfield code="z">Inhaltsverzeichnis</subfield></datafield><datafield ind1="4" ind2=" " tag="856"><subfield code="3">Abstract / Autoreninformation</subfield><subfield code="u">https://toc.library.ethz.ch/objects/pdf/000193967_e01_9783540254843_02.pdf</subfield><subfield code="q">pdf</subfield></datafield><datafield ind1=" " ind2=" " tag="900"><subfield code="a">IDSZ2zbzmon200712l</subfield><subfield code="c">IDSZ2murd</subfield><subfield code="d">IDSZ2zbzswk200801b</subfield><subfield code="e">IDSZ2tschu</subfield></datafield><datafield ind1=" " ind2=" " tag="949"><subfield code="a">https://toc.library.ethz.ch/objects/pdf/000193967_e01_9783540254843_02.pdf</subfield></datafield><datafield ind1=" " ind2=" " tag="949"><subfield code="a">https://tools.unisg.ch/url/hm00204247</subfield></datafield></record>
</metadata></record>