<record><header><identifier>oai:alma.41SLSP_UGE:991000773329705502</identifier><datestamp>2023-03-01T01:10:18Z</datestamp><setSpec>uge_cmu_RapidILL_JOURNAL</setSpec><setSpec>uge_aobs_RapidILL_JOURNAL</setSpec><setSpec>uge_aaca_RapidILL_JOURNAL</setSpec><setSpec>uge_bcen_RapidILL_JOURNAL</setSpec><setSpec>uge_abbat_RapidILL_JOURNAL</setSpec><setSpec>uge_dbu_RapidILL_JOURNAL</setSpec><setSpec>uge_mail_RapidILL_JOURNAL</setSpec><setSpec>UNIGE_ALL</setSpec><setSpec>uge_abels_RapidILL_JOURNAL</setSpec><setSpec>uge_acar_RapidILL_JOURNAL</setSpec></header><metadata>
<record xmlns="http://www.loc.gov/MARC21/slim" xmlns:xsi="http://www.w3.org/2001/XMLSchema-instance" xsi:schemaLocation="http://www.loc.gov/MARC21/slim http://www.loc.gov/standards/marcxml/schema/MARC21slim.xsd"><leader>01386nas a2200337 c 4500</leader><controlfield tag="001">991000773329705502</controlfield><controlfield tag="005">20210207173207.0</controlfield><controlfield tag="008">860408c19709999xxu|| p|  ||| 0    0eng d</controlfield><datafield ind1=" " ind2=" " tag="022"><subfield code="a">0012-3692</subfield></datafield><datafield ind1=" " ind2=" " tag="035"><subfield code="a">(swissbib)080700454-41slsp_network</subfield></datafield><datafield ind1=" " ind2=" " tag="035"><subfield code="a">080700454</subfield><subfield code="9">ExL</subfield></datafield><datafield ind1=" " ind2=" " tag="035"><subfield code="a">(RERO)0698878-41slsp</subfield></datafield><datafield ind1=" " ind2=" " tag="035"><subfield code="a">(EXLNZ-41SLSP_NETWORK)991105313429705501</subfield></datafield><datafield ind1=" " ind2=" " tag="040"><subfield code="a">RERO labdfm</subfield><subfield code="d">CH-ZuSLS</subfield></datafield><datafield ind1=" " ind2="7" tag="072"><subfield code="a">me</subfield><subfield code="2">rero</subfield></datafield><datafield ind1="0" ind2="0" tag="245"><subfield code="a">Chest</subfield><subfield code="b">for pulmonologists, cardiologists, cardiothoracic surgeons, critical care physicians, and related specialists : the cardiopulmonary journal : official publ. of the American College of Chest Physicians</subfield></datafield><datafield ind1=" " ind2="1" tag="264"><subfield code="a">Chicago</subfield><subfield code="a">Park Ridge Ill.</subfield><subfield code="b">American College of Chest Physicians</subfield></datafield><datafield ind1=" " ind2=" " tag="300"><subfield code="c">28 cm</subfield></datafield><datafield ind1=" " ind2=" " tag="310"><subfield code="a">Mensuel</subfield></datafield><datafield ind1=" " ind2=" " tag="336"><subfield code="b">txt</subfield><subfield code="2">rdacontent</subfield></datafield><datafield ind1=" " ind2=" " tag="337"><subfield code="b">n</subfield><subfield code="2">rdamedia</subfield></datafield><datafield ind1=" " ind2=" " tag="338"><subfield code="b">nc</subfield><subfield code="2">rdacarrier</subfield></datafield><datafield ind1="0" ind2=" " tag="362"><subfield code="a">Vol. 57(1970)-&gt;</subfield></datafield><datafield ind1=" " ind2=" " tag="500"><subfield code="a">Le sous-titre varie</subfield></datafield><datafield ind1=" " ind2=" " tag="580"><subfield code="a">Fait suite à: Diseases of the chest</subfield></datafield><datafield ind1=" " ind2=" " tag="580"><subfield code="a">A pour suppl.: Chest. Supplement</subfield></datafield><datafield ind1=" " ind2="2" tag="650"><subfield code="a">Pulmonary Disease (Specialty)</subfield></datafield><datafield ind1=" " ind2="2" tag="655"><subfield code="a">Periodical</subfield></datafield><datafield ind1="2" ind2=" " tag="710"><subfield code="a">American college of chest physicians</subfield><subfield code="0">(IDREF)032255551</subfield></datafield><datafield ind1="0" ind2=" " tag="770"><subfield code="t">Chest. Supplement</subfield><subfield code="w">(RERO)0698905-41slsp</subfield></datafield><datafield ind1="0" ind2="0" tag="780"><subfield code="t">Diseases of the chest : the journal of circulation, respiration and all related disciplines : official publication of the American College of Chest Physicians</subfield><subfield code="w">(RERO)0661630-41slsp</subfield></datafield><datafield ind1=" " ind2=" " tag="900"><subfield code="a">REROnoselfmerge</subfield></datafield></record>
</metadata></record>