<record><header><identifier>oai:alma.41SLSP_UGE:991000773209705502</identifier><datestamp>2024-09-28T00:13:12Z</datestamp><setSpec>uge_bcen_RapidILL_BOOK</setSpec><setSpec>uge_aaca_RapidILL_BOOK</setSpec><setSpec>uge_abels_RapidILL_BOOK</setSpec><setSpec>uge_dbu_RapidILL_BOOK</setSpec><setSpec>uge_cmu_RapidILL_BOOK</setSpec><setSpec>uge_mail_RapidILL_BOOK</setSpec><setSpec>uge_abbat_RapidILL_BOOK</setSpec><setSpec>UNIGE_ALL</setSpec><setSpec>uge_acar_RapidILL_BOOK</setSpec><setSpec>uge_aobs_RapidILL_BOOK</setSpec></header><metadata>
<record xmlns="http://www.loc.gov/MARC21/slim" xmlns:xsi="http://www.w3.org/2001/XMLSchema-instance" xsi:schemaLocation="http://www.loc.gov/MARC21/slim http://www.loc.gov/standards/marcxml/schema/MARC21slim.xsd"><leader>01350nam a2200361 c 4500</leader><controlfield tag="001">991000773209705502</controlfield><controlfield tag="005">20240927202934.0</controlfield><controlfield tag="008">201011s1901    gw ||||| |||| 00| ||grc d</controlfield><datafield ind1=" " ind2=" " tag="035"><subfield code="a">(swissbib)215032624-41slsp_network</subfield></datafield><datafield ind1=" " ind2=" " tag="035"><subfield code="a">215032624</subfield><subfield code="9">ExL</subfield></datafield><datafield ind1=" " ind2=" " tag="035"><subfield code="a">(RERO)R003642635-41slsp</subfield></datafield><datafield ind1=" " ind2=" " tag="035"><subfield code="a">(IDSBB)000575094DSV01</subfield></datafield><datafield ind1=" " ind2=" " tag="035"><subfield code="a">(EXLNZ-41SLSP_NETWORK)991141922749705501</subfield></datafield><datafield ind1=" " ind2=" " tag="040"><subfield code="a">RERO frbcuc</subfield><subfield code="d">CH-ZuSLS</subfield></datafield><datafield ind1="0" ind2=" " tag="041"><subfield code="a">grc</subfield><subfield code="a">lat</subfield></datafield><datafield ind1=" " ind2="7" tag="072"><subfield code="a">th</subfield><subfield code="2">rero</subfield></datafield><datafield ind1=" " ind2="7" tag="072"><subfield code="a">th</subfield><subfield code="2">SzZuIDS BS/BE</subfield></datafield><datafield ind1="0" ind2="0" tag="245"><subfield code="a">Ausgewählte Märtyreracten</subfield><subfield code="c">hrsg. von Rudolf Knopf</subfield></datafield><datafield ind1="1" ind2=" " tag="246"><subfield code="a">Ausgewählte Märtyrerakten</subfield></datafield><datafield ind1=" " ind2="1" tag="264"><subfield code="a">Tübingen</subfield><subfield code="a">Leipzig</subfield><subfield code="b">J.C.B. Mohr</subfield><subfield code="c">1901</subfield></datafield><datafield ind1=" " ind2=" " tag="300"><subfield code="a">IX, 120 S.</subfield><subfield code="c">23 cm</subfield></datafield><datafield ind1=" " ind2=" " tag="336"><subfield code="b">txt</subfield><subfield code="2">rdacontent</subfield></datafield><datafield ind1=" " ind2=" " tag="337"><subfield code="b">n</subfield><subfield code="2">rdamedia</subfield></datafield><datafield ind1=" " ind2=" " tag="338"><subfield code="b">nc</subfield><subfield code="2">rdacarrier</subfield></datafield><datafield ind1="1" ind2=" " tag="490"><subfield code="a">Sammlung ausgewählter kirchen- und dogmengeschichtlicher Quellenschriften</subfield><subfield code="v">Reihe 2, H. 2</subfield></datafield><datafield ind1=" " ind2=" " tag="500"><subfield code="a">Griechische und lateinische Texte</subfield></datafield><datafield ind1=" " ind2="7" tag="650"><subfield code="a">Martyrs</subfield><subfield code="0">(IDREF)027267024</subfield><subfield code="2">idref</subfield></datafield><datafield ind1=" " ind2="7" tag="650"><subfield code="a">Église</subfield><subfield code="y">30-600 (Église primitive)</subfield><subfield code="0">(IDREF)027288471</subfield><subfield code="2">idref</subfield></datafield><datafield ind1=" " ind2="7" tag="650"><subfield code="a">Märtyrerakten</subfield><subfield code="v">Text</subfield><subfield code="2">idsbb</subfield></datafield><datafield ind1=" " ind2="7" tag="655"><subfield code="a">[document]</subfield><subfield code="2">rerovoc</subfield><subfield code="0">(RERO)A010182398</subfield></datafield><datafield ind1=" " ind2="4" tag="655"><subfield code="a">Quelle</subfield></datafield><datafield ind1="1" ind2=" " tag="700"><subfield code="a">Knopf, Rudolf</subfield><subfield code="d">1874-1920</subfield><subfield code="0">(IDREF)078743184</subfield></datafield><datafield ind1=" " ind2=" " tag="830"><subfield code="a">Sammlung ausgewählter kirchen- und dogmengeschichtlicher Quellenschriften</subfield><subfield code="p">Reihe 2</subfield><subfield code="v">2</subfield><subfield code="w">(IDSBB)002742792DSV01</subfield></datafield><datafield ind1=" " ind2=" " tag="900"><subfield code="a">REROnoselfmerge</subfield></datafield></record>
</metadata></record>