<record><header><identifier>oai:alma.41SLSP_UGE:991000773729705502</identifier><datestamp>2023-05-26T00:16:35Z</datestamp><setSpec>uge_bcen_RapidILL_BOOK</setSpec><setSpec>uge_aaca_RapidILL_BOOK</setSpec><setSpec>uge_abels_RapidILL_BOOK</setSpec><setSpec>uge_dbu_RapidILL_BOOK</setSpec><setSpec>uge_cmu_RapidILL_BOOK</setSpec><setSpec>uge_mail_RapidILL_BOOK</setSpec><setSpec>uge_abbat_RapidILL_BOOK</setSpec><setSpec>UNIGE_ALL</setSpec><setSpec>uge_aobs_RapidILL_BOOK</setSpec><setSpec>uge_acar_RapidILL_BOOK</setSpec></header><metadata>
<record xmlns="http://www.loc.gov/MARC21/slim" xmlns:xsi="http://www.w3.org/2001/XMLSchema-instance" xsi:schemaLocation="http://www.loc.gov/MARC21/slim http://www.loc.gov/standards/marcxml/schema/MARC21slim.xsd"><leader>01704nam a22004212c 4500</leader><controlfield tag="001">991000773729705502</controlfield><controlfield tag="005">20230525155337.0</controlfield><controlfield tag="008">201011s1861    sz            00| | ger|d</controlfield><datafield ind1=" " ind2=" " tag="035"><subfield code="a">(swissbib)21426372X-41slsp_network</subfield></datafield><datafield ind1=" " ind2=" " tag="035"><subfield code="a">21426372X</subfield><subfield code="9">ExL</subfield></datafield><datafield ind1=" " ind2=" " tag="035"><subfield code="a">(IDSLU)000803302ILU01</subfield></datafield><datafield ind1=" " ind2=" " tag="035"><subfield code="a">(RERO)R003223622-41slsp</subfield></datafield><datafield ind1=" " ind2=" " tag="035"><subfield code="a">(EXLNZ-41SLSP_NETWORK)991096631719705501</subfield></datafield><datafield ind1=" " ind2=" " tag="040"><subfield code="a">RERO geulsh</subfield><subfield code="e">kids</subfield><subfield code="d">CH-ZuSLS</subfield></datafield><datafield ind1="0" ind2=" " tag="041"><subfield code="a">ger</subfield></datafield><datafield ind1=" " ind2=" " tag="044"><subfield code="a">sz</subfield><subfield code="c">ch-lu</subfield></datafield><datafield ind1=" " ind2="7" tag="072"><subfield code="a">ht</subfield><subfield code="2">rero</subfield></datafield><datafield ind1="1" ind2=" " tag="100"><subfield code="a">Pfyffer von Altishofen, Kasimir</subfield><subfield code="d">1794-1875</subfield><subfield code="0">(RERO)A003689844</subfield><subfield code="4">cre</subfield><subfield code="6">880-01</subfield></datafield><datafield ind1="1" ind2=" " tag="880"><subfield code="a">Pfyffer von Altishofen, Kasimir</subfield><subfield code="d">1794-1875</subfield><subfield code="0">(DE-588)11874092X</subfield><subfield code="6">100-01</subfield></datafield><datafield ind1="1" ind2="0" tag="245"><subfield code="a">Geschichte der Stadt und des Kantons Luzern</subfield><subfield code="c">von Kasimir Pfyffer</subfield></datafield><datafield ind1=" " ind2=" " tag="250"><subfield code="a">Neue, unveränd. wohlfeile Ausg.</subfield></datafield><datafield ind1=" " ind2="1" tag="264"><subfield code="a">Luzern</subfield><subfield code="b">F.J. Schiffmann</subfield><subfield code="c">1861</subfield></datafield><datafield ind1=" " ind2=" " tag="300"><subfield code="a">2 vol.</subfield><subfield code="c">21 cm</subfield></datafield><datafield ind1=" " ind2=" " tag="336"><subfield code="b">txt</subfield><subfield code="2">rdacontent</subfield></datafield><datafield ind1=" " ind2=" " tag="337"><subfield code="b">n</subfield><subfield code="2">rdamedia</subfield></datafield><datafield ind1=" " ind2=" " tag="338"><subfield code="b">nc</subfield><subfield code="2">rdacarrier</subfield></datafield><datafield ind1="0" ind2="0" tag="505"><subfield code="g">Bd. 1</subfield><subfield code="t">Vom Ursprunge bis zur Staatsumwälzung im Jahr 1798</subfield></datafield><datafield ind1="0" ind2="0" tag="505"><subfield code="g">Bd. 2</subfield><subfield code="t">Von der Staatsumwälzung im Jahre 1798 bis zur neuen Bundesverfassung im Jahr 1848</subfield></datafield><datafield ind1="3" ind2=" " tag="510"><subfield code="a">Helveticat</subfield></datafield><datafield ind1=" " ind2="7" tag="650"><subfield code="a">origines</subfield><subfield code="0">(RERO)A009950802</subfield><subfield code="2">rerovoc</subfield></datafield><datafield ind1=" " ind2="7" tag="650"><subfield code="a">50000 av. J.-C.-1848</subfield><subfield code="2">idref</subfield></datafield><datafield ind1=" " ind2="7" tag="651"><subfield code="a">Lucerne (Suisse ; canton)</subfield><subfield code="0">(IDREF)029432650</subfield><subfield code="2">idref</subfield></datafield><datafield ind1=" " ind2="7" tag="651"><subfield code="a">Lucerne (Suisse)</subfield><subfield code="0">(IDREF)027407012</subfield><subfield code="2">idref</subfield></datafield><datafield ind1=" " ind2=" " tag="690"><subfield code="a">Luzern-St. Geschichte. A.D.</subfield><subfield code="2">rzs-L1</subfield></datafield><datafield ind1=" " ind2=" " tag="690"><subfield code="a">Luzern Kt. Geschichte</subfield><subfield code="2">rzs-KK</subfield></datafield><datafield ind1=" " ind2=" " tag="690"><subfield code="a">Luzern-Kt. Geschichte. A.D.</subfield><subfield code="2">rzs-L1</subfield></datafield><datafield ind1="4" ind2="1" tag="856"><subfield code="3">Fulltext Teil 1</subfield><subfield code="q">GOOGLE</subfield><subfield code="u">https://urn.ub.unibe.ch/urn:ch:slsp:ZHBL-00061394:full:google</subfield></datafield><datafield ind1="4" ind2="1" tag="856"><subfield code="3">Fulltext Teil 2</subfield><subfield code="q">GOOGLE</subfield><subfield code="u">https://urn.ub.unibe.ch/urn:ch:slsp:ZHBL-00061397:full:google</subfield></datafield><datafield ind1=" " ind2=" " tag="900"><subfield code="a">REROnoselfmerge</subfield></datafield></record>
</metadata></record>