<record><header><identifier>oai:alma.41SLSP_UGE:991000772789705502</identifier><datestamp>2023-04-08T00:17:53Z</datestamp><setSpec>uge_bcen_RapidILL_BOOK</setSpec><setSpec>uge_aaca_RapidILL_BOOK</setSpec><setSpec>uge_abels_RapidILL_BOOK</setSpec><setSpec>uge_dbu_RapidILL_BOOK</setSpec><setSpec>uge_cmu_RapidILL_BOOK</setSpec><setSpec>uge_mail_RapidILL_BOOK</setSpec><setSpec>uge_abbat_RapidILL_BOOK</setSpec><setSpec>UNIGE_ALL</setSpec><setSpec>uge_acar_RapidILL_BOOK</setSpec><setSpec>uge_aobs_RapidILL_BOOK</setSpec></header><metadata>
<record xmlns="http://www.loc.gov/MARC21/slim" xmlns:xsi="http://www.w3.org/2001/XMLSchema-instance" xsi:schemaLocation="http://www.loc.gov/MARC21/slim http://www.loc.gov/standards/marcxml/schema/MARC21slim.xsd"><leader>01266nam a2200361 c 4500</leader><controlfield tag="001">991000772789705502</controlfield><controlfield tag="005">20230407123050.0</controlfield><controlfield tag="008">130827s2013    fr ||||| |||| 00| ||fre d</controlfield><datafield ind1=" " ind2=" " tag="020"><subfield code="a">9782343007137</subfield><subfield code="q">pbk.</subfield></datafield><datafield ind1="7" ind2=" " tag="024"><subfield code="a">http://catalogue.bnf.fr/ark:/12148/cb43615681t</subfield><subfield code="2">uri</subfield></datafield><datafield ind1=" " ind2=" " tag="035"><subfield code="a">(swissbib)117991031-41slsp_network</subfield></datafield><datafield ind1=" " ind2=" " tag="035"><subfield code="a">117991031</subfield><subfield code="9">ExL</subfield></datafield><datafield ind1=" " ind2=" " tag="035"><subfield code="a">(RERO)R007457482-41slsp</subfield></datafield><datafield ind1=" " ind2=" " tag="035"><subfield code="a">(EXLNZ-41SLSP_NETWORK)991050269199705501</subfield></datafield><datafield ind1=" " ind2=" " tag="040"><subfield code="a">AUXAM</subfield><subfield code="d">CH-ZuSLS</subfield></datafield><datafield ind1="1" ind2="4" tag="050"><subfield code="a">LA</subfield></datafield><datafield ind1=" " ind2="7" tag="072"><subfield code="a">pe</subfield><subfield code="2">rero</subfield></datafield><datafield ind1="1" ind2="4" tag="082"><subfield code="a">370</subfield></datafield><datafield ind1="1" ind2=" " tag="100"><subfield code="a">Tholé, Marie-gaëlle</subfield><subfield code="d">1976-....</subfield><subfield code="0">(IDREF)151795290</subfield><subfield code="4">cre</subfield></datafield><datafield ind1="1" ind2="0" tag="245"><subfield code="a">&lt;&lt;Les&gt;&gt; filles à l'école au Mali</subfield><subfield code="b">langage, représentations et interactions</subfield><subfield code="c">Marie-Gaëlle Tholé</subfield></datafield><datafield ind1=" " ind2="1" tag="264"><subfield code="a">Paris</subfield><subfield code="b">L'Harmattan</subfield><subfield code="c">2013</subfield></datafield><datafield ind1=" " ind2=" " tag="300"><subfield code="a">263 pages</subfield><subfield code="c">24 cm</subfield></datafield><datafield ind1=" " ind2=" " tag="336"><subfield code="b">txt</subfield><subfield code="2">rdacontent</subfield></datafield><datafield ind1=" " ind2=" " tag="337"><subfield code="b">n</subfield><subfield code="2">rdamedia</subfield></datafield><datafield ind1=" " ind2=" " tag="338"><subfield code="b">nc</subfield><subfield code="2">rdacarrier</subfield></datafield><datafield ind1="0" ind2=" " tag="490"><subfield code="a">Savoir et formation</subfield></datafield><datafield ind1="0" ind2=" " tag="490"><subfield code="a">Série genre et éducation</subfield></datafield><datafield ind1=" " ind2=" " tag="504"><subfield code="a">Includes bibliographical references.</subfield></datafield><datafield ind1=" " ind2="0" tag="650"><subfield code="a">Girls</subfield><subfield code="x">Education</subfield><subfield code="x">Social aspects</subfield><subfield code="z">Mali</subfield></datafield><datafield ind1=" " ind2="7" tag="650"><subfield code="a">Éducation des filles</subfield><subfield code="0">(IDREF)027309991</subfield><subfield code="2">idref</subfield></datafield><datafield ind1=" " ind2="7" tag="650"><subfield code="a">Représentations sociales</subfield><subfield code="0">(IDREF)029765978</subfield><subfield code="2">idref</subfield></datafield><datafield ind1=" " ind2="7" tag="651"><subfield code="a">Mali</subfield><subfield code="0">(IDREF)02723844X</subfield><subfield code="2">idref</subfield></datafield><datafield ind1=" " ind2=" " tag="900"><subfield code="a">REROnoselfmerge</subfield></datafield><datafield ind1=" " ind2=" " tag="910"><subfield code="a">OCoLC</subfield><subfield code="b">20130827</subfield><subfield code="c">Droits réservés</subfield></datafield></record>
</metadata></record>