<record><header><identifier>oai:alma.41SLSP_UGE:991000773519705502</identifier><datestamp>2023-07-03T00:42:31Z</datestamp><setSpec>uge_bcen_RapidILL_BOOK</setSpec><setSpec>uge_aaca_RapidILL_BOOK</setSpec><setSpec>uge_abels_RapidILL_BOOK</setSpec><setSpec>uge_dbu_RapidILL_BOOK</setSpec><setSpec>uge_cmu_RapidILL_BOOK</setSpec><setSpec>uge_mail_RapidILL_BOOK</setSpec><setSpec>uge_abbat_RapidILL_BOOK</setSpec><setSpec>UNIGE_ALL</setSpec><setSpec>uge_acar_RapidILL_BOOK</setSpec><setSpec>uge_aobs_RapidILL_BOOK</setSpec></header><metadata>
<record xmlns="http://www.loc.gov/MARC21/slim" xmlns:xsi="http://www.w3.org/2001/XMLSchema-instance" xsi:schemaLocation="http://www.loc.gov/MARC21/slim http://www.loc.gov/standards/marcxml/schema/MARC21slim.xsd"><leader>02723nam a2200613 c 4500</leader><controlfield tag="001">991000773519705502</controlfield><controlfield tag="005">20230702062240.0</controlfield><controlfield tag="008">201012s2002    it ||||| |||| 00| ||ita d</controlfield><datafield ind1=" " ind2=" " tag="020"><subfield code="a">9788846438607</subfield><subfield code="q">br</subfield></datafield><datafield ind1=" " ind2=" " tag="020"><subfield code="a">8846438604</subfield><subfield code="c">19.00 EUR</subfield></datafield><datafield ind1=" " ind2=" " tag="035"><subfield code="a">(swissbib)238871479-41slsp_network</subfield></datafield><datafield ind1=" " ind2=" " tag="035"><subfield code="a">238871479</subfield><subfield code="9">ExL</subfield></datafield><datafield ind1=" " ind2=" " tag="035"><subfield code="a">(RERO)R006055073-41slsp</subfield></datafield><datafield ind1=" " ind2=" " tag="035"><subfield code="a">(IDSSG)000438805HSB01</subfield></datafield><datafield ind1=" " ind2=" " tag="035"><subfield code="a">(IDSBB)003207391DSV01</subfield></datafield><datafield ind1=" " ind2=" " tag="035"><subfield code="a">(ItFiC)it-02645351</subfield></datafield><datafield ind1=" " ind2=" " tag="035"><subfield code="a">(EXLNZ-41SLSP_NETWORK)991088139959705501</subfield></datafield><datafield ind1=" " ind2=" " tag="040"><subfield code="a">BDF</subfield><subfield code="d">CH-ZuSLS</subfield></datafield><datafield ind1=" " ind2=" " tag="050"><subfield code="a">JN</subfield></datafield><datafield ind1=" " ind2="7" tag="072"><subfield code="a">so</subfield><subfield code="2">rero</subfield></datafield><datafield ind1=" " ind2="7" tag="072"><subfield code="a">wg</subfield><subfield code="2">SzZuIDS BS/BE</subfield></datafield><datafield ind1=" " ind2="7" tag="072"><subfield code="a">rw</subfield><subfield code="2">SzZuIDS BS/BE</subfield></datafield><datafield ind1="1" ind2="4" tag="082"><subfield code="a">340</subfield><subfield code="2">15</subfield></datafield><datafield ind1="1" ind2="4" tag="082"><subfield code="a">330</subfield><subfield code="2">15</subfield></datafield><datafield ind1="1" ind2="4" tag="082"><subfield code="a">323</subfield></datafield><datafield ind1="1" ind2=" " tag="100"><subfield code="a">Bussotti, Luca</subfield><subfield code="0">(RERO)A012666123</subfield><subfield code="4">cre</subfield></datafield><datafield ind1="1" ind2="0" tag="245"><subfield code="a">&lt;&lt;La&gt;&gt; cittadinanza degli italiani</subfield><subfield code="b">analisi storica e critica sociologica di una questione irrisolta</subfield><subfield code="c">Luca Bussotti</subfield></datafield><datafield ind1=" " ind2="1" tag="264"><subfield code="a">Milano</subfield><subfield code="b">F. Angeli</subfield><subfield code="c">2002</subfield></datafield><datafield ind1=" " ind2=" " tag="300"><subfield code="a">313 p.</subfield><subfield code="c">23 cm.</subfield></datafield><datafield ind1=" " ind2=" " tag="336"><subfield code="b">txt</subfield><subfield code="2">rdacontent</subfield></datafield><datafield ind1=" " ind2=" " tag="337"><subfield code="b">n</subfield><subfield code="2">rdamedia</subfield></datafield><datafield ind1=" " ind2=" " tag="338"><subfield code="b">nc</subfield><subfield code="2">rdacarrier</subfield></datafield><datafield ind1="1" ind2=" " tag="490"><subfield code="a">Vichiana : storia e critica del pensero sociale</subfield><subfield code="v">10</subfield></datafield><datafield ind1="1" ind2=" " tag="490"><subfield code="a">Vichiana (Milano)</subfield><subfield code="v">10</subfield></datafield><datafield ind1=" " ind2=" " tag="500"><subfield code="a">Contains bibliography, bibliographical references and notes</subfield></datafield><datafield ind1=" " ind2=" " tag="504"><subfield code="a">Bibliogr. p. 305-313</subfield></datafield><datafield ind1=" " ind2=" " tag="504"><subfield code="a">Includes bibliographical references</subfield></datafield><datafield ind1=" " ind2="7" tag="648"><subfield code="a">Geschichte 1865-2000</subfield><subfield code="2">gnd</subfield></datafield><datafield ind1=" " ind2="7" tag="650"><subfield code="a">Citoyenneté</subfield><subfield code="0">(IDREF)02934400X</subfield><subfield code="2">idref</subfield></datafield><datafield ind1=" " ind2="7" tag="650"><subfield code="a">19e siècle (2e moitié)-20e siècle</subfield><subfield code="0">(RERO)A023082168</subfield><subfield code="2">rero</subfield></datafield><datafield ind1=" " ind2="7" tag="650"><subfield code="a">Staatsangehörigkeit</subfield><subfield code="0">(DE-588)4056630-4</subfield><subfield code="2">gnd</subfield></datafield><datafield ind1=" " ind2="7" tag="650"><subfield code="a">Staatsangehörigkeit</subfield><subfield code="z">Italien</subfield><subfield code="y">Geschichte 19. Jh</subfield><subfield code="2">idsbb</subfield></datafield><datafield ind1=" " ind2="7" tag="650"><subfield code="a">Staatsangehörigkeit</subfield><subfield code="z">Italien</subfield><subfield code="y">Geschichte 20. Jh</subfield><subfield code="2">idsbb</subfield></datafield><datafield ind1=" " ind2="7" tag="650"><subfield code="a">Staatsangehörigkeitsrecht</subfield><subfield code="z">Italien</subfield><subfield code="y">Geschichte 19. Jh</subfield><subfield code="2">idsbb</subfield></datafield><datafield ind1=" " ind2="7" tag="650"><subfield code="a">Staatsangehörigkeitsrecht</subfield><subfield code="z">Italien</subfield><subfield code="y">Geschichte 20. Jh</subfield><subfield code="2">idsbb</subfield></datafield><datafield ind1=" " ind2="7" tag="651"><subfield code="a">Italie</subfield><subfield code="0">(IDREF)027235408</subfield><subfield code="2">idref</subfield></datafield><datafield ind1=" " ind2="7" tag="651"><subfield code="a">Italien</subfield><subfield code="0">(DE-588)4027833-5</subfield><subfield code="2">gnd</subfield></datafield><datafield ind1=" " ind2=" " tag="690"><subfield code="a">Cittadinanza ; Diritti dei cittadini ; Approvazione ; Indicazione ; Legge ; Innovazione ; Italiano ; Critica ; Indice ; Approvazione della legge ; Regno ; Italia ; Legislazione ; Materia ; Fascismo ; Periodo ; Conseguenza ; Pace ; Costituzione ; Entrata in vigore ; Politico ; Politica</subfield><subfield code="2">idssg-J</subfield></datafield><datafield ind1=" " ind2=" " tag="690"><subfield code="a">Analisi storica; Parte terza; Considerazioni conclusive</subfield><subfield code="2">idssg-J</subfield></datafield><datafield ind1=" " ind2=" " tag="690"><subfield code="a">italia [100]</subfield><subfield code="2">idssg-J</subfield></datafield><datafield ind1=" " ind2=" " tag="690"><subfield code="a">Luca; Bussotti; irrisolta; ngeli; pag; 's; susseguente; Germain; Rapallo; dottrinario; ali; indomani; necessit; continuit; dinanzi</subfield><subfield code="2">idssg-J</subfield></datafield><datafield ind1="4" ind2=" " tag="856"><subfield code="u">https://tools.unisg.ch/url/hm00204366</subfield><subfield code="z">Inhaltsverzeichnis</subfield></datafield><datafield ind1=" " ind2="0" tag="830"><subfield code="a">Vichiana</subfield><subfield code="v">10</subfield><subfield code="w">(RERO)R258973260-41slsp</subfield></datafield><datafield ind1=" " ind2="0" tag="830"><subfield code="a">Vichiana</subfield><subfield code="v">10</subfield><subfield code="w">(IDSSG)000441400HSB01</subfield></datafield><datafield ind1=" " ind2=" " tag="949"><subfield code="a">https://tools.unisg.ch/url/hm00204366</subfield></datafield></record>
</metadata></record>