<record><header><identifier>oai:alma.41SLSP_UGE:991000777789705502</identifier><datestamp>2024-09-28T00:18:16Z</datestamp><setSpec>uge_bcen_RapidILL_BOOK</setSpec><setSpec>uge_aaca_RapidILL_BOOK</setSpec><setSpec>uge_abels_RapidILL_BOOK</setSpec><setSpec>uge_dbu_RapidILL_BOOK</setSpec><setSpec>uge_cmu_RapidILL_BOOK</setSpec><setSpec>uge_mail_RapidILL_BOOK</setSpec><setSpec>uge_abbat_RapidILL_BOOK</setSpec><setSpec>UNIGE_ALL</setSpec><setSpec>uge_acar_RapidILL_BOOK</setSpec><setSpec>uge_aobs_RapidILL_BOOK</setSpec></header><metadata>
<record xmlns="http://www.loc.gov/MARC21/slim" xmlns:xsi="http://www.w3.org/2001/XMLSchema-instance" xsi:schemaLocation="http://www.loc.gov/MARC21/slim http://www.loc.gov/standards/marcxml/schema/MARC21slim.xsd"><leader>02287nam a2200325 c 4500</leader><controlfield tag="001">991000777789705502</controlfield><controlfield tag="005">20240927182117.0</controlfield><controlfield tag="008">201012s2000    sz ||||| m||| 00| ||fre d</controlfield><datafield ind1=" " ind2=" " tag="019"><subfield code="a">Cette notice décrit l'exemplaire de thèse.</subfield><subfield code="5">RERO/geudbu/07.2000</subfield></datafield><datafield ind1=" " ind2=" " tag="035"><subfield code="a">(swissbib)23323103X-41slsp_network</subfield></datafield><datafield ind1=" " ind2=" " tag="035"><subfield code="a">23323103X</subfield><subfield code="9">ExL</subfield></datafield><datafield ind1=" " ind2=" " tag="035"><subfield code="a">(RERO)R269900860-41slsp</subfield></datafield><datafield ind1=" " ind2=" " tag="035"><subfield code="a">(NEBIS)003891811EBI01</subfield></datafield><datafield ind1=" " ind2=" " tag="035"><subfield code="a">(EXLNZ-41SLSP_NETWORK)991080047249705501</subfield></datafield><datafield ind1=" " ind2=" " tag="040"><subfield code="a">RERO geucmu</subfield><subfield code="d">CH-ZuSLS</subfield></datafield><datafield ind1=" " ind2=" " tag="044"><subfield code="a">sz</subfield><subfield code="c">ch-ge</subfield></datafield><datafield ind1=" " ind2="7" tag="072"><subfield code="a">me</subfield><subfield code="2">rero</subfield></datafield><datafield ind1="1" ind2=" " tag="100"><subfield code="a">Fournet, Dominique</subfield><subfield code="0">(RERO)A006089650</subfield><subfield code="4">cre</subfield></datafield><datafield ind1="1" ind2="0" tag="245"><subfield code="a">Valeur diagnostique des tests immunologiques rapides au lit du patient pour prise en charge de l'infarctus aigu du myocarde en conditions d'urgence quotidiennes</subfield><subfield code="c">par Dominique Fournet</subfield></datafield><datafield ind1=" " ind2="1" tag="264"><subfield code="a">Genève</subfield><subfield code="b">[éditeur non identifié]</subfield><subfield code="c">2000</subfield></datafield><datafield ind1=" " ind2=" " tag="300"><subfield code="a">27 f.</subfield><subfield code="c">30 cm</subfield></datafield><datafield ind1=" " ind2=" " tag="336"><subfield code="b">txt</subfield><subfield code="2">rdacontent</subfield></datafield><datafield ind1=" " ind2=" " tag="337"><subfield code="b">n</subfield><subfield code="2">rdamedia</subfield></datafield><datafield ind1=" " ind2=" " tag="338"><subfield code="b">nc</subfield><subfield code="2">rdacarrier</subfield></datafield><datafield ind1=" " ind2=" " tag="502"><subfield code="a">Th. méd. Genève, 2000 ; Méd. 10104</subfield></datafield><datafield ind1=" " ind2=" " tag="508"><subfield code="a">Directeur de thèse : Docteur Jean-Michel Gaspoz, privat docent</subfield></datafield><datafield ind1="8" ind2=" " tag="520"><subfield code="a">La validité des nouveaux tests immunologiques rapides au lit du patient pour la mesure des marqueurs cardiaques lors de suspicion d'infarctus aigu du myocarde a déjà été démontrée, mais essentiellement en conditions d'investigation clinique. Cette étude a donc pour but d'évaluer deux de ces tests parmi les plus récents, le &quot;CARDIAC STATusTM&quot; et le &quot;TROPT sensitive&quot;, en conditions cliniques habituelles. Ces tests rapides et leurs équivalents quantitatifs de laboratoire (myoglobine, créatine kinase massique et troponine I) ont été effectués de routine chez 83 patients présentant des douleurs thoraciques aiguës, par les infirmières d'un service d'urgences spécialement entraînées à cet effet, et leurs résultats respectifs comparés. A l'inverse de leurs spécificités, les sensibilités des tests rapides se sont avérées le plus souvent inférieures à celles des tests de laboratoire correspondants et de manière statistiquement significative. Leur utilité est donc contestable en conditions cliniques habituelles</subfield><subfield code="5">RERO/geudbu/07.2000</subfield></datafield><datafield ind1=" " ind2="2" tag="655"><subfield code="a">Academic Dissertation</subfield></datafield><datafield ind1=" " ind2="7" tag="655"><subfield code="a">Hochschulschrift</subfield><subfield code="2">gnd-content</subfield></datafield><datafield ind1=" " ind2=" " tag="900"><subfield code="a">REROnoselfmerge</subfield></datafield><datafield ind1=" " ind2=" " tag="900"><subfield code="a">IDSZ2zbzdis200005e</subfield><subfield code="c">IDSZ2meip</subfield></datafield></record>
</metadata></record>