<record><header><identifier>oai:alma.41SLSP_UGE:991000777059705502</identifier><datestamp>2023-03-01T01:10:18Z</datestamp><setSpec>uge_bcen_RapidILL_BOOK</setSpec><setSpec>uge_aaca_RapidILL_BOOK</setSpec><setSpec>uge_abels_RapidILL_BOOK</setSpec><setSpec>uge_dbu_RapidILL_BOOK</setSpec><setSpec>uge_cmu_RapidILL_BOOK</setSpec><setSpec>uge_mail_RapidILL_BOOK</setSpec><setSpec>UNIGE_ALL</setSpec><setSpec>uge_abbat_RapidILL_BOOK</setSpec><setSpec>uge_aobs_RapidILL_BOOK</setSpec><setSpec>uge_acar_RapidILL_BOOK</setSpec></header><metadata>
<record xmlns="http://www.loc.gov/MARC21/slim" xmlns:xsi="http://www.w3.org/2001/XMLSchema-instance" xsi:schemaLocation="http://www.loc.gov/MARC21/slim http://www.loc.gov/standards/marcxml/schema/MARC21slim.xsd"><leader>01059nam a2200289 c 4500</leader><controlfield tag="001">991000777059705502</controlfield><controlfield tag="005">20211117180507.0</controlfield><controlfield tag="008">001004s1986    xxk||||| |||| 00| ||eng d</controlfield><datafield ind1=" " ind2=" " tag="020"><subfield code="a">041629720X</subfield></datafield><datafield ind1=" " ind2=" " tag="035"><subfield code="a">(swissbib)08321741X-41slsp_network</subfield></datafield><datafield ind1=" " ind2=" " tag="035"><subfield code="a">08321741X</subfield><subfield code="9">ExL</subfield></datafield><datafield ind1=" " ind2=" " tag="035"><subfield code="a">(RERO)1039043-41slsp</subfield></datafield><datafield ind1=" " ind2=" " tag="035"><subfield code="a">(EXLNZ-41SLSP_NETWORK)991122787249705501</subfield></datafield><datafield ind1=" " ind2=" " tag="040"><subfield code="a">RERO geulan</subfield><subfield code="d">CH-ZuSLS</subfield></datafield><datafield ind1=" " ind2="7" tag="072"><subfield code="a">an</subfield><subfield code="2">rero</subfield></datafield><datafield ind1="1" ind2=" " tag="100"><subfield code="a">Wordsworth, William</subfield><subfield code="d">1770-1850</subfield><subfield code="0">(IDREF)027369528</subfield><subfield code="4">cre</subfield></datafield><datafield ind1="1" ind2="0" tag="245"><subfield code="a">Lyrical Ballads</subfield><subfield code="c">Wordsworth and Coleridge ; the text of the 1798 ed. with the additional 1800 poems and the pref. ed. with introd., notes and appendices by R.L. Brett and A.R. Jones</subfield></datafield><datafield ind1=" " ind2=" " tag="250"><subfield code="a">Repr.</subfield></datafield><datafield ind1=" " ind2="1" tag="264"><subfield code="a">London</subfield><subfield code="b">Methuen</subfield><subfield code="c">1986</subfield></datafield><datafield ind1=" " ind2=" " tag="300"><subfield code="a">XLIX, 345 p.</subfield><subfield code="c">20 cm</subfield></datafield><datafield ind1=" " ind2=" " tag="336"><subfield code="b">txt</subfield><subfield code="2">rdacontent</subfield></datafield><datafield ind1=" " ind2=" " tag="337"><subfield code="b">n</subfield><subfield code="2">rdamedia</subfield></datafield><datafield ind1=" " ind2=" " tag="338"><subfield code="b">nc</subfield><subfield code="2">rdacarrier</subfield></datafield><datafield ind1="0" ind2=" " tag="490"><subfield code="a">University paperback</subfield><subfield code="v">277</subfield></datafield><datafield ind1="1" ind2=" " tag="700"><subfield code="a">Coleridge, Samuel Taylor</subfield><subfield code="d">1772-1834</subfield><subfield code="0">(IDREF)02679389X</subfield></datafield><datafield ind1="1" ind2=" " tag="700"><subfield code="a">Brett, Raymond Laurence</subfield><subfield code="d">1917-1996</subfield><subfield code="0">(IDREF)030233925</subfield></datafield><datafield ind1="1" ind2=" " tag="700"><subfield code="a">Jones, Alun Richard</subfield><subfield code="0">(RERO)A003429370</subfield></datafield><datafield ind1=" " ind2=" " tag="900"><subfield code="a">REROnoselfmerge</subfield></datafield></record>
</metadata></record>