<record><header><identifier>oai:alma.41SLSP_UGE:991000773419705502</identifier><datestamp>2024-05-18T02:37:28Z</datestamp><setSpec>uge_bcen_RapidILL_BOOK</setSpec><setSpec>uge_aaca_RapidILL_BOOK</setSpec><setSpec>uge_abels_RapidILL_BOOK</setSpec><setSpec>uge_dbu_RapidILL_BOOK</setSpec><setSpec>uge_cmu_RapidILL_BOOK</setSpec><setSpec>uge_mail_RapidILL_BOOK</setSpec><setSpec>uge_abbat_RapidILL_BOOK</setSpec><setSpec>UNIGE_ALL</setSpec><setSpec>uge_aobs_RapidILL_BOOK</setSpec><setSpec>uge_acar_RapidILL_BOOK</setSpec></header><metadata>
<record xmlns="http://www.loc.gov/MARC21/slim" xmlns:xsi="http://www.w3.org/2001/XMLSchema-instance" xsi:schemaLocation="http://www.loc.gov/MARC21/slim http://www.loc.gov/standards/marcxml/schema/MARC21slim.xsd"><leader>02394nam a2200625 c 4500</leader><controlfield tag="001">991000773419705502</controlfield><controlfield tag="005">20230411165336.0</controlfield><controlfield tag="008">201011s1978    xxk||||| |||| 00| ||eng d</controlfield><datafield ind1=" " ind2=" " tag="020"><subfield code="a">0140561447</subfield><subfield code="q">paperback</subfield></datafield><datafield ind1="7" ind2=" " tag="024"><subfield code="a">http://catalogue.bnf.fr/ark:/12148/cb37377351q</subfield><subfield code="2">uri</subfield></datafield><datafield ind1=" " ind2=" " tag="035"><subfield code="a">(swissbib)21157287X-41slsp_network</subfield></datafield><datafield ind1=" " ind2=" " tag="035"><subfield code="a">21157287X</subfield><subfield code="9">ExL</subfield></datafield><datafield ind1=" " ind2=" " tag="035"><subfield code="a">(RERO)0242627-41slsp</subfield></datafield><datafield ind1=" " ind2=" " tag="035"><subfield code="a">(IDSBB)000016953DSV01</subfield></datafield><datafield ind1=" " ind2=" " tag="035"><subfield code="a">(SBT)000790706SBT01</subfield></datafield><datafield ind1=" " ind2=" " tag="035"><subfield code="a">(NEBIS)000206283EBI01</subfield></datafield><datafield ind1=" " ind2=" " tag="035"><subfield code="a">(EXLNZ-41SLSP_NETWORK)991109496499705501</subfield></datafield><datafield ind1=" " ind2=" " tag="040"><subfield code="a">RERO</subfield><subfield code="d">CH-ZuSLS</subfield></datafield><datafield ind1=" " ind2="7" tag="072"><subfield code="a">ba</subfield><subfield code="2">rero</subfield></datafield><datafield ind1=" " ind2="7" tag="072"><subfield code="a">ar</subfield><subfield code="2">rero</subfield></datafield><datafield ind1=" " ind2="7" tag="072"><subfield code="a">kh</subfield><subfield code="2">SzZuIDS BS/BE</subfield></datafield><datafield ind1=" " ind2="7" tag="072"><subfield code="a">ar</subfield><subfield code="2">SzZuIDS BS/BE</subfield></datafield><datafield ind1=" " ind2="7" tag="072"><subfield code="a">at</subfield><subfield code="2">rero</subfield></datafield><datafield ind1="1" ind2=" " tag="080"><subfield code="a">904(37):72</subfield></datafield><datafield ind1="1" ind2="4" tag="082"><subfield code="a">930</subfield><subfield code="2">15</subfield></datafield><datafield ind1=" " ind2=" " tag="084"><subfield code="a">6,14</subfield><subfield code="2">ssgn</subfield></datafield><datafield ind1=" " ind2=" " tag="084"><subfield code="a">LG 1800</subfield><subfield code="2">rvk</subfield></datafield><datafield ind1=" " ind2=" " tag="084"><subfield code="a">LH 65000</subfield><subfield code="2">rvk</subfield></datafield><datafield ind1="1" ind2=" " tag="100"><subfield code="a">Boëthius, Axel</subfield><subfield code="d">1889-1969</subfield><subfield code="6">880-01</subfield><subfield code="0">(DE-588)116225769</subfield></datafield><datafield ind1="1" ind2=" " tag="880"><subfield code="6">100-01</subfield><subfield code="a">Boëthius, Axel</subfield><subfield code="d">1889-1969</subfield><subfield code="0">(IDREF)031119409</subfield><subfield code="4">cre</subfield></datafield><datafield ind1="1" ind2="0" tag="245"><subfield code="a">Etruscan and early Roman architecture</subfield><subfield code="c">Axel Boëthius</subfield></datafield><datafield ind1=" " ind2=" " tag="250"><subfield code="a">[2nd, integrated ed.]</subfield></datafield><datafield ind1=" " ind2="1" tag="264"><subfield code="a">Harmondsworth</subfield><subfield code="a">New York [etc.]</subfield><subfield code="b">Penguin Books</subfield><subfield code="c">1978</subfield></datafield><datafield ind1=" " ind2=" " tag="300"><subfield code="a">264 p.</subfield><subfield code="c">22 cm</subfield><subfield code="b">186 fig.; 1 map</subfield></datafield><datafield ind1=" " ind2=" " tag="336"><subfield code="b">txt</subfield><subfield code="2">rdacontent</subfield></datafield><datafield ind1=" " ind2=" " tag="337"><subfield code="b">n</subfield><subfield code="2">rdamedia</subfield></datafield><datafield ind1=" " ind2=" " tag="338"><subfield code="b">nc</subfield><subfield code="2">rdacarrier</subfield></datafield><datafield ind1="1" ind2=" " tag="490"><subfield code="a">The Pelican history of art</subfield></datafield><datafield ind1=" " ind2=" " tag="500"><subfield code="a">1. Aufl. 1970 ersch. unter dem Titel: Etruscan and Roman architecture</subfield></datafield><datafield ind1=" " ind2=" " tag="534"><subfield code="t">Etruscan and Roman architecture : part 1</subfield><subfield code="c">[S.l.] : [s.n.], 1970</subfield></datafield><datafield ind1=" " ind2="7" tag="650"><subfield code="a">Architecture étrusque</subfield><subfield code="0">(IDREF)030873886</subfield><subfield code="2">idref</subfield></datafield><datafield ind1=" " ind2="7" tag="650"><subfield code="a">Architecture romaine</subfield><subfield code="0">(IDREF)027219852</subfield><subfield code="2">idref</subfield></datafield><datafield ind1=" " ind2="7" tag="650"><subfield code="a">Architektur</subfield><subfield code="z">Römer</subfield><subfield code="2">idsbb</subfield></datafield><datafield ind1=" " ind2="7" tag="650"><subfield code="a">Architektur</subfield><subfield code="z">etruskische</subfield><subfield code="2">idsbb</subfield></datafield><datafield ind1=" " ind2="7" tag="650"><subfield code="a">Architettura etrusca</subfield><subfield code="2">sbt12</subfield></datafield><datafield ind1=" " ind2="7" tag="650"><subfield code="a">Architettura romana</subfield><subfield code="y">Origini-Sec. 1. a. C.</subfield><subfield code="2">sbt12</subfield></datafield><datafield ind1=" " ind2="7" tag="650"><subfield code="a">Architektur</subfield><subfield code="0">(DE-588)4002851-3</subfield><subfield code="2">gnd</subfield></datafield><datafield ind1=" " ind2="7" tag="650"><subfield code="a">Etrusker</subfield><subfield code="0">(DE-588)4015627-8</subfield><subfield code="2">gnd</subfield></datafield><datafield ind1=" " ind2="7" tag="650"><subfield code="a">ETRUSKISCHE ARCHITEKTUR</subfield><subfield code="9">ger</subfield><subfield code="0">(ETHUDK)000052336</subfield><subfield code="2">ethudk</subfield></datafield><datafield ind1=" " ind2="7" tag="650"><subfield code="a">RÖMISCHE ARCHITEKTUR, ANTIKE</subfield><subfield code="9">ger</subfield><subfield code="0">(ETHUDK)000035486</subfield><subfield code="2">ethudk</subfield></datafield><datafield ind1=" " ind2="7" tag="651"><subfield code="a">Römisches Reich</subfield><subfield code="0">(DE-588)4076778-4</subfield><subfield code="2">gnd</subfield></datafield><datafield ind1="1" ind2="2" tag="700"><subfield code="a">Boëthius, Axel</subfield><subfield code="d">1889-1969</subfield><subfield code="t">Etruscan and Roman architecture</subfield></datafield><datafield ind1=" " ind2=" " tag="830"><subfield code="a">&lt;&lt;The&gt;&gt; Pelican history of art</subfield><subfield code="w">(IDSBB)000016955DSV01</subfield></datafield><datafield ind1=" " ind2=" " tag="830"><subfield code="a">&lt;&lt;The&gt;&gt; Pelican history of art</subfield><subfield code="p">Penguin Books</subfield><subfield code="w">(SBT)000672504SBT01</subfield></datafield><datafield ind1=" " ind2=" " tag="900"><subfield code="a">REROnoselfmerge</subfield></datafield><datafield ind1=" " ind2=" " tag="900"><subfield code="a">IDSZRMedeaZBZ</subfield></datafield></record>
</metadata></record>