<record><header><identifier>oai:alma.41SLSP_UGE:991000776859705502</identifier><datestamp>2023-03-01T01:10:18Z</datestamp><setSpec>uge_bcen_RapidILL_BOOK</setSpec><setSpec>uge_aaca_RapidILL_BOOK</setSpec><setSpec>uge_abels_RapidILL_BOOK</setSpec><setSpec>uge_dbu_RapidILL_BOOK</setSpec><setSpec>uge_cmu_RapidILL_BOOK</setSpec><setSpec>uge_mail_RapidILL_BOOK</setSpec><setSpec>UNIGE_ALL</setSpec><setSpec>uge_abbat_RapidILL_BOOK</setSpec><setSpec>uge_aobs_RapidILL_BOOK</setSpec><setSpec>uge_acar_RapidILL_BOOK</setSpec></header><metadata>
<record xmlns="http://www.loc.gov/MARC21/slim" xmlns:xsi="http://www.w3.org/2001/XMLSchema-instance" xsi:schemaLocation="http://www.loc.gov/MARC21/slim http://www.loc.gov/standards/marcxml/schema/MARC21slim.xsd"><leader>01061nam a2200277 c 4500</leader><controlfield tag="001">991000776859705502</controlfield><controlfield tag="005">20211104205409.0</controlfield><controlfield tag="008">961001m19651972it ||||| |||| 00| ||ita d</controlfield><datafield ind1=" " ind2=" " tag="035"><subfield code="a">(swissbib)076603326-41slsp_network</subfield></datafield><datafield ind1=" " ind2=" " tag="035"><subfield code="a">076603326</subfield><subfield code="9">ExL</subfield></datafield><datafield ind1=" " ind2=" " tag="035"><subfield code="a">(RERO)0031611-41slsp</subfield></datafield><datafield ind1=" " ind2=" " tag="035"><subfield code="a">(EXLNZ-41SLSP_NETWORK)991148099219705501</subfield></datafield><datafield ind1=" " ind2=" " tag="040"><subfield code="a">RERO</subfield><subfield code="d">CH-ZuSLS</subfield></datafield><datafield ind1=" " ind2="7" tag="072"><subfield code="a">it</subfield><subfield code="2">rero</subfield></datafield><datafield ind1="1" ind2=" " tag="100"><subfield code="a">Manzoni, Alessandro</subfield><subfield code="d">1785-1873</subfield><subfield code="0">(IDREF)027006956</subfield><subfield code="4">cre</subfield></datafield><datafield ind1="1" ind2="0" tag="245"><subfield code="a">Opera omnia</subfield><subfield code="c">Alessandro Manzoni ; dir. Claudio Cesare Secchi ... [et al]</subfield></datafield><datafield ind1=" " ind2="1" tag="264"><subfield code="a">Milano</subfield><subfield code="b">Ed. Paoline</subfield><subfield code="c">1965-1972</subfield></datafield><datafield ind1=" " ind2=" " tag="300"><subfield code="a">3 vol.</subfield><subfield code="c">23 cm</subfield></datafield><datafield ind1=" " ind2=" " tag="336"><subfield code="b">txt</subfield><subfield code="2">rdacontent</subfield></datafield><datafield ind1=" " ind2=" " tag="337"><subfield code="b">n</subfield><subfield code="2">rdamedia</subfield></datafield><datafield ind1=" " ind2=" " tag="338"><subfield code="b">nc</subfield><subfield code="2">rdacarrier</subfield></datafield><datafield ind1=" " ind2=" " tag="500"><subfield code="a">Seuls les vol. 1, 3 et 6/1 ont paru</subfield></datafield><datafield ind1="0" ind2="0" tag="505"><subfield code="g">[1] :</subfield><subfield code="t">Scritti linguistici / a cura di Ferruccio Monterosso. - 1972. - 759 p</subfield></datafield><datafield ind1="0" ind2="0" tag="505"><subfield code="g">3 :</subfield><subfield code="t">Osservazioni sulla morale cattolica / a cura di Umberto Colombo. - 1965. - 718 p</subfield></datafield><datafield ind1="0" ind2="0" tag="505"><subfield code="g">6, parte 1 :</subfield><subfield code="t">Scritti di estetica / a cura di Umberto Colombo. - 1967. - 550 p</subfield></datafield><datafield ind1="1" ind2=" " tag="700"><subfield code="a">Secchi, Claudio Cesare</subfield><subfield code="0">(IDREF)120190826</subfield></datafield><datafield ind1=" " ind2=" " tag="900"><subfield code="a">REROnoselfmerge</subfield></datafield><datafield ind1=" " ind2=" " tag="993"><subfield code="a">BFLA 158471/2</subfield><subfield code="x">ge/ulit/a/FLt 80495</subfield><subfield code="9">LOCAL</subfield></datafield><datafield ind1=" " ind2=" " tag="993"><subfield code="a">BFLA 158471/1</subfield><subfield code="x">ge/ulit/a/FLt 31275</subfield><subfield code="9">LOCAL</subfield></datafield></record>
</metadata></record>