<record><header><identifier>oai:alma.41SLSP_UGE:991000777589705502</identifier><datestamp>2024-08-27T00:07:40Z</datestamp><setSpec>uge_bcen_RapidILL_BOOK</setSpec><setSpec>uge_aaca_RapidILL_BOOK</setSpec><setSpec>uge_abels_RapidILL_BOOK</setSpec><setSpec>uge_dbu_RapidILL_BOOK</setSpec><setSpec>uge_cmu_RapidILL_BOOK</setSpec><setSpec>uge_mail_RapidILL_BOOK</setSpec><setSpec>uge_abbat_RapidILL_BOOK</setSpec><setSpec>UNIGE_ALL</setSpec><setSpec>uge_aobs_RapidILL_BOOK</setSpec><setSpec>uge_acar_RapidILL_BOOK</setSpec></header><metadata>
<record xmlns="http://www.loc.gov/MARC21/slim" xmlns:xsi="http://www.w3.org/2001/XMLSchema-instance" xsi:schemaLocation="http://www.loc.gov/MARC21/slim http://www.loc.gov/standards/marcxml/schema/MARC21slim.xsd"><leader>01564nam a22003972c 4500</leader><controlfield tag="001">991000777589705502</controlfield><controlfield tag="005">20240826113249.0</controlfield><controlfield tag="008">131119s2013    fr ||||| |||| 00| ||fre d</controlfield><datafield ind1=" " ind2=" " tag="020"><subfield code="a">2070140571</subfield><subfield code="q">br</subfield></datafield><datafield ind1=" " ind2=" " tag="020"><subfield code="a">9782070140572</subfield><subfield code="q">br</subfield></datafield><datafield ind1="7" ind2=" " tag="024"><subfield code="a">http://catalogue.bnf.fr/ark:/12148/cb43701526d</subfield><subfield code="2">uri</subfield></datafield><datafield ind1=" " ind2=" " tag="035"><subfield code="a">(swissbib)118540564-41slsp_network</subfield></datafield><datafield ind1=" " ind2=" " tag="035"><subfield code="a">118540564</subfield><subfield code="9">ExL</subfield></datafield><datafield ind1=" " ind2=" " tag="035"><subfield code="a">(RERO)R007543426-41slsp</subfield></datafield><datafield ind1=" " ind2=" " tag="035"><subfield code="a">(EXLNZ-41SLSP_NETWORK)991122487589705501</subfield></datafield><datafield ind1=" " ind2=" " tag="040"><subfield code="a">ZWZ</subfield><subfield code="d">CH-ZuSLS</subfield></datafield><datafield ind1="1" ind2=" " tag="041"><subfield code="a">fre</subfield><subfield code="h">ger</subfield></datafield><datafield ind1=" " ind2="7" tag="072"><subfield code="a">ph</subfield><subfield code="2">rero</subfield></datafield><datafield ind1="1" ind2=" " tag="100"><subfield code="a">Heidegger, Martin</subfield><subfield code="d">1889-1976</subfield><subfield code="0">(IDREF)026917548</subfield><subfield code="4">aut</subfield></datafield><datafield ind1="1" ind2="0" tag="245"><subfield code="a">Apports à la philosophie</subfield><subfield code="b">de l'avenance</subfield><subfield code="c">Martin Heidegger ; traduit de l'allemand par François Fédier</subfield></datafield><datafield ind1=" " ind2="1" tag="264"><subfield code="a">[Paris]</subfield><subfield code="b">Gallimard</subfield><subfield code="c">2013</subfield></datafield><datafield ind1=" " ind2=" " tag="300"><subfield code="a">617 p.</subfield></datafield><datafield ind1=" " ind2=" " tag="336"><subfield code="b">txt</subfield><subfield code="2">rdacontent</subfield></datafield><datafield ind1=" " ind2=" " tag="337"><subfield code="b">n</subfield><subfield code="2">rdamedia</subfield></datafield><datafield ind1=" " ind2=" " tag="338"><subfield code="b">nc</subfield><subfield code="2">rdacarrier</subfield></datafield><datafield ind1="0" ind2=" " tag="490"><subfield code="a">Bibliothèque de philosophie</subfield></datafield><datafield ind1="0" ind2=" " tag="490"><subfield code="a">Oeuvres de Martin Heidegger</subfield></datafield><datafield ind1=" " ind2=" " tag="500"><subfield code="a">Traduit de : &quot;Beiträge zur Philosophie (vom Ereignis)&quot;</subfield></datafield><datafield ind1=" " ind2=" " tag="500"><subfield code="a">Texte initialement paru en 1994 dans l'édition intégrale des oeuvres de Heidegger en cours de publication chez Klostermann</subfield></datafield><datafield ind1=" " ind2=" " tag="504"><subfield code="a">Notes bibliogr.</subfield></datafield><datafield ind1=" " ind2="7" tag="650"><subfield code="a">Événement (philosophie)</subfield><subfield code="0">(IDREF)031317332</subfield><subfield code="2">idref</subfield></datafield><datafield ind1=" " ind2="7" tag="650"><subfield code="a">Ontologie</subfield><subfield code="0">(IDREF)027655652</subfield><subfield code="2">idref</subfield></datafield><datafield ind1=" " ind2="7" tag="650"><subfield code="a">Métaphysique</subfield><subfield code="0">(IDREF)027267083</subfield><subfield code="2">idref</subfield></datafield><datafield ind1="1" ind2=" " tag="700"><subfield code="a">Fédier, François</subfield><subfield code="d">1935-2021</subfield><subfield code="0">(IDREF)026860732</subfield><subfield code="4">trl</subfield></datafield><datafield ind1="1" ind2=" " tag="800"><subfield code="a">Heidegger, Martin</subfield><subfield code="d">1889-1976</subfield><subfield code="t">Œuvre</subfield><subfield code="w">(RERO)0444343-41slsp</subfield></datafield><datafield ind1=" " ind2=" " tag="900"><subfield code="a">REROnoselfmerge</subfield></datafield><datafield ind1=" " ind2=" " tag="910"><subfield code="a">OCoLC</subfield><subfield code="b">20131119</subfield><subfield code="c">Droits réservés</subfield></datafield></record>
</metadata></record>