<record><header><identifier>oai:alma.41SLSP_UGE:991000772899705502</identifier><datestamp>2023-06-20T00:27:36Z</datestamp><setSpec>uge_bcen_RapidILL_BOOK</setSpec><setSpec>uge_aaca_RapidILL_BOOK</setSpec><setSpec>uge_abels_RapidILL_BOOK</setSpec><setSpec>uge_dbu_RapidILL_BOOK</setSpec><setSpec>uge_cmu_RapidILL_BOOK</setSpec><setSpec>uge_mail_RapidILL_BOOK</setSpec><setSpec>uge_abbat_RapidILL_BOOK</setSpec><setSpec>UNIGE_ALL</setSpec><setSpec>uge_aobs_RapidILL_BOOK</setSpec><setSpec>uge_acar_RapidILL_BOOK</setSpec></header><metadata>
<record xmlns="http://www.loc.gov/MARC21/slim" xmlns:xsi="http://www.w3.org/2001/XMLSchema-instance" xsi:schemaLocation="http://www.loc.gov/MARC21/slim http://www.loc.gov/standards/marcxml/schema/MARC21slim.xsd"><leader>03285nam a2200829 c 4500</leader><controlfield tag="001">991000772899705502</controlfield><controlfield tag="005">20230619200001.0</controlfield><controlfield tag="008">201012t20172017xxk|||||      00| ||eng d</controlfield><datafield ind1=" " ind2=" " tag="020"><subfield code="a">9780198712558</subfield><subfield code="q">paperback</subfield></datafield><datafield ind1=" " ind2=" " tag="020"><subfield code="a">9780198795360</subfield><subfield code="q">hardback</subfield></datafield><datafield ind1=" " ind2=" " tag="020"><subfield code="a">0198712553</subfield></datafield><datafield ind1=" " ind2=" " tag="020"><subfield code="a">019879536X</subfield></datafield><datafield ind1=" " ind2=" " tag="035"><subfield code="a">(swissbib)238361616-41slsp_network</subfield></datafield><datafield ind1=" " ind2=" " tag="035"><subfield code="a">238361616</subfield><subfield code="9">ExL</subfield></datafield><datafield ind1=" " ind2=" " tag="035"><subfield code="a">(NEBIS)010710383EBI01</subfield></datafield><datafield ind1=" " ind2=" " tag="035"><subfield code="a">(IDSBB)006677025DSV01</subfield></datafield><datafield ind1=" " ind2=" " tag="035"><subfield code="a">(RERO)R008683269-41slsp</subfield></datafield><datafield ind1=" " ind2=" " tag="035"><subfield code="a">(EXLNZ-41SLSP_NETWORK)991083083399705501</subfield></datafield><datafield ind1=" " ind2=" " tag="040"><subfield code="a">SzZuIDS NEBIS UZH-HBZ-N</subfield><subfield code="b">ger</subfield><subfield code="e">rda</subfield><subfield code="d">CH-ZuSLS</subfield></datafield><datafield ind1="0" ind2="0" tag="060"><subfield code="a">2017 H-531</subfield></datafield><datafield ind1="1" ind2="0" tag="060"><subfield code="a">QU 500</subfield></datafield><datafield ind1=" " ind2="7" tag="072"><subfield code="a">bi</subfield><subfield code="2">rero</subfield></datafield><datafield ind1="0" ind2="4" tag="082"><subfield code="a">576.5</subfield><subfield code="2">23</subfield></datafield><datafield ind1="1" ind2="4" tag="082"><subfield code="a">570</subfield><subfield code="2">15</subfield></datafield><datafield ind1="1" ind2="4" tag="082"><subfield code="a">610</subfield><subfield code="2">15</subfield></datafield><datafield ind1=" " ind2=" " tag="084"><subfield code="a">WC 4400</subfield><subfield code="2">rvk</subfield></datafield><datafield ind1=" " ind2=" " tag="084"><subfield code="a">WG 1000</subfield><subfield code="2">rvk</subfield></datafield><datafield ind1="1" ind2=" " tag="100"><subfield code="a">Meneely, Philip</subfield><subfield code="0">(DE-588)1134887620</subfield><subfield code="4">aut</subfield><subfield code="6">880-01</subfield></datafield><datafield ind1="1" ind2=" " tag="880"><subfield code="6">100-01</subfield><subfield code="a">Meneely, Philip Mark</subfield><subfield code="0">(IDREF)133192008</subfield></datafield><datafield ind1="1" ind2="0" tag="245"><subfield code="a">Genetics</subfield><subfield code="b">genes, genomes, and evolution</subfield><subfield code="c">Philip Meneely, Rachel Dawes Hoang, Iruka N. Okeke, Katherine Heston</subfield></datafield><datafield ind1=" " ind2="1" tag="264"><subfield code="a">Oxford</subfield><subfield code="b">Oxford University Press</subfield><subfield code="c">[2017]</subfield></datafield><datafield ind1=" " ind2="4" tag="264"><subfield code="c">© 2017</subfield></datafield><datafield ind1=" " ind2=" " tag="300"><subfield code="a">xx, 749 Seiten</subfield><subfield code="b">Illustrationen</subfield></datafield><datafield ind1=" " ind2=" " tag="336"><subfield code="b">txt</subfield><subfield code="2">rdacontent</subfield></datafield><datafield ind1=" " ind2=" " tag="337"><subfield code="b">n</subfield><subfield code="2">rdamedia</subfield></datafield><datafield ind1=" " ind2=" " tag="338"><subfield code="b">nc</subfield><subfield code="2">rdacarrier</subfield></datafield><datafield ind1=" " ind2="7" tag="650"><subfield code="a">Entwicklung</subfield><subfield code="0">(DE-588)4113450-3</subfield><subfield code="2">gnd</subfield></datafield><datafield ind1=" " ind2="0" tag="650"><subfield code="a">Evolution</subfield></datafield><datafield ind1=" " ind2="0" tag="650"><subfield code="a">Genomes</subfield></datafield><datafield ind1=" " ind2="2" tag="650"><subfield code="a">Genetic Phenomena</subfield><subfield code="0">(DNLM)D055614</subfield></datafield><datafield ind1=" " ind2="2" tag="650"><subfield code="a">Genomics</subfield><subfield code="0">(DNLM)D023281</subfield></datafield><datafield ind1=" " ind2="7" tag="650"><subfield code="a">GENETIK</subfield><subfield code="9">ger</subfield><subfield code="0">(ETHUDK)000021479</subfield><subfield code="2">ethudk</subfield></datafield><datafield ind1=" " ind2="7" tag="650"><subfield code="a">GENETISCHER APPARAT, GENOM, GENE</subfield><subfield code="9">ger</subfield><subfield code="0">(ETHUDK)000021491</subfield><subfield code="2">ethudk</subfield></datafield><datafield ind1=" " ind2="7" tag="650"><subfield code="a">GENEXPRESSION (GENETIK)</subfield><subfield code="9">ger</subfield><subfield code="0">(ETHUDK)000021505</subfield><subfield code="2">ethudk</subfield></datafield><datafield ind1=" " ind2="7" tag="650"><subfield code="a">LEHRBÜCHER (DOKUMENTENTYP)</subfield><subfield code="9">ger</subfield><subfield code="0">(ETHUDK)000000099</subfield><subfield code="2">ethudk</subfield></datafield><datafield ind1=" " ind2="7" tag="650"><subfield code="a">MOLEKULARE GENETIK</subfield><subfield code="9">ger</subfield><subfield code="0">(ETHUDK)000022817</subfield><subfield code="2">ethudk</subfield></datafield><datafield ind1=" " ind2="7" tag="650"><subfield code="a">POPULATIONSGENETIK</subfield><subfield code="9">ger</subfield><subfield code="0">(ETHUDK)000021518</subfield><subfield code="2">ethudk</subfield></datafield><datafield ind1=" " ind2="7" tag="650"><subfield code="a">VARIATION + VARIABILITÄT (GENETIK)</subfield><subfield code="9">ger</subfield><subfield code="0">(ETHUDK)000021523</subfield><subfield code="2">ethudk</subfield></datafield><datafield ind1=" " ind2="7" tag="650"><subfield code="a">VERERBUNG UND VARIATION ALS EVOLUTIONSFAKTOREN (BIOLOGISCHE EVOLUTION)</subfield><subfield code="9">ger</subfield><subfield code="0">(ETHUDK)000021557</subfield><subfield code="2">ethudk</subfield></datafield><datafield ind1=" " ind2="7" tag="650"><subfield code="a">Evolution</subfield><subfield code="0">(DE-588)4071050-6</subfield><subfield code="2">gnd</subfield></datafield><datafield ind1=" " ind2="7" tag="650"><subfield code="a">Genanalyse</subfield><subfield code="0">(DE-588)4200230-8</subfield><subfield code="2">gnd</subfield></datafield><datafield ind1=" " ind2="7" tag="650"><subfield code="a">Genetik</subfield><subfield code="0">(DE-588)4071711-2</subfield><subfield code="2">gnd</subfield></datafield><datafield ind1=" " ind2="7" tag="650"><subfield code="a">Genom</subfield><subfield code="0">(DE-588)4156640-3</subfield><subfield code="2">gnd</subfield></datafield><datafield ind1=" " ind2="0" tag="650"><subfield code="a">Genetics</subfield></datafield><datafield ind1=" " ind2="2" tag="650"><subfield code="a">Genetic Structures</subfield><subfield code="0">(DNLM)D040342</subfield></datafield><datafield ind1=" " ind2="2" tag="650"><subfield code="a">Genes</subfield><subfield code="0">(DNLM)D005796</subfield></datafield><datafield ind1=" " ind2="2" tag="650"><subfield code="a">Genetics</subfield><subfield code="0">(DNLM)D005823</subfield></datafield><datafield ind1=" " ind2="2" tag="650"><subfield code="a">Genes</subfield></datafield><datafield ind1=" " ind2="2" tag="650"><subfield code="a">Genetic Structures</subfield></datafield><datafield ind1=" " ind2="2" tag="650"><subfield code="a">Genetics</subfield></datafield><datafield ind1=" " ind2="7" tag="650"><subfield code="a">Génétique</subfield><subfield code="0">(IDREF)027323382</subfield><subfield code="2">idref</subfield></datafield><datafield ind1=" " ind2="7" tag="650"><subfield code="a">Gènes</subfield><subfield code="0">(IDREF)030931622</subfield><subfield code="2">idref</subfield></datafield><datafield ind1=" " ind2="7" tag="650"><subfield code="a">Génomique</subfield><subfield code="0">(IDREF)145354539</subfield><subfield code="2">idref</subfield></datafield><datafield ind1=" " ind2="7" tag="655"><subfield code="a">Lehrbuch</subfield><subfield code="2">gnd-content</subfield></datafield><datafield ind1=" " ind2="7" tag="655"><subfield code="a">Manuels d'enseignement supérieur</subfield><subfield code="0">(IDREF)03020934X</subfield><subfield code="2">idref</subfield></datafield><datafield ind1=" " ind2=" " tag="690"><subfield code="a">575</subfield><subfield code="d">Genetik (Allgemein)</subfield><subfield code="2">uzb-UK</subfield></datafield><datafield ind1="1" ind2=" " tag="700"><subfield code="a">Hoang, Rachel</subfield><subfield code="0">(DE-588)1134888201</subfield><subfield code="4">aut</subfield></datafield><datafield ind1="1" ind2=" " tag="700"><subfield code="a">Okeke, Iruka N.</subfield><subfield code="d">1970-</subfield><subfield code="0">(DE-588)1013841573</subfield><subfield code="4">aut</subfield></datafield><datafield ind1="1" ind2=" " tag="700"><subfield code="a">Heston, Katherine</subfield><subfield code="0">(DE-588)1134888619</subfield><subfield code="4">aut</subfield></datafield><datafield ind1="4" ind2=" " tag="856"><subfield code="3">Titelblatt und Inhaltsverzeichnis</subfield><subfield code="u">https://toc.library.ethz.ch/objects/pdf03/e01_978-0-19-871255-8_01.pdf</subfield><subfield code="q">pdf</subfield></datafield><datafield ind1=" " ind2=" " tag="900"><subfield code="a">IDSZ2zbzmon201801l</subfield><subfield code="c">IDSZ2maer</subfield><subfield code="d">IDSZ2zbzswk201802g</subfield><subfield code="e">IDSZ2wart</subfield></datafield><datafield ind1=" " ind2=" " tag="900"><subfield code="a">Stoppsignal FRED</subfield></datafield><datafield ind1=" " ind2=" " tag="949"><subfield code="a">https://toc.library.ethz.ch/objects/pdf03/e01_978-0-19-871255-8_01.pdf</subfield></datafield></record>
</metadata></record>