<record><header><identifier>oai:alma.41SLSP_UGE:991000777619705502</identifier><datestamp>2024-03-09T01:38:39Z</datestamp><setSpec>uge_bcen_RapidILL_BOOK</setSpec><setSpec>uge_aaca_RapidILL_BOOK</setSpec><setSpec>uge_abels_RapidILL_BOOK</setSpec><setSpec>uge_dbu_RapidILL_BOOK</setSpec><setSpec>uge_cmu_RapidILL_BOOK</setSpec><setSpec>uge_mail_RapidILL_BOOK</setSpec><setSpec>uge_abbat_RapidILL_BOOK</setSpec><setSpec>UNIGE_ALL</setSpec><setSpec>uge_acar_RapidILL_BOOK</setSpec><setSpec>uge_aobs_RapidILL_BOOK</setSpec></header><metadata>
<record xmlns="http://www.loc.gov/MARC21/slim" xmlns:xsi="http://www.w3.org/2001/XMLSchema-instance" xsi:schemaLocation="http://www.loc.gov/MARC21/slim http://www.loc.gov/standards/marcxml/schema/MARC21slim.xsd"><leader>01689nam a22004572c 4500</leader><controlfield tag="001">991000777619705502</controlfield><controlfield tag="005">20240308061404.0</controlfield><controlfield tag="008">201011t19801980gw            00| | ger d</controlfield><datafield ind1=" " ind2=" " tag="020"><subfield code="a">3525558767</subfield></datafield><datafield ind1=" " ind2=" " tag="035"><subfield code="a">(swissbib)229023479-41slsp_network</subfield></datafield><datafield ind1=" " ind2=" " tag="035"><subfield code="a">229023479</subfield><subfield code="9">ExL</subfield></datafield><datafield ind1=" " ind2=" " tag="035"><subfield code="a">(NEBIS)003243540EBI01</subfield></datafield><datafield ind1=" " ind2=" " tag="035"><subfield code="a">(IDSBB)000622114DSV01</subfield></datafield><datafield ind1=" " ind2=" " tag="035"><subfield code="a">(RERO)R003825175-41slsp</subfield></datafield><datafield ind1=" " ind2=" " tag="035"><subfield code="a">(ABN)000021411ABN01</subfield></datafield><datafield ind1=" " ind2=" " tag="035"><subfield code="a">(EXLNZ-41SLSP_NETWORK)991155492609705501</subfield></datafield><datafield ind1=" " ind2=" " tag="040"><subfield code="a">SzZuIDS BS/BE A252</subfield><subfield code="d">CH-ZuSLS</subfield></datafield><datafield ind1=" " ind2="7" tag="072"><subfield code="a">th</subfield><subfield code="2">SzZuIDS BS/BE</subfield></datafield><datafield ind1=" " ind2="7" tag="072"><subfield code="a">th</subfield><subfield code="2">rero</subfield></datafield><datafield ind1="0" ind2="4" tag="082"><subfield code="a">284.09034</subfield></datafield><datafield ind1="0" ind2="0" tag="245"><subfield code="a">Schwerpunkt: die evangelischen Kirchen und die Revolution von 1848</subfield><subfield code="c">[mit Beiträgen von Hans-Dietrich Loock ... et al.] ; [Autoren und Mitarbeiter: Martin Brecht ... et al.]</subfield></datafield><datafield ind1="1" ind2="3" tag="246"><subfield code="a">Schwerpunkt: Kirche und Revolution 1848</subfield></datafield><datafield ind1=" " ind2="1" tag="264"><subfield code="a">Göttingen</subfield><subfield code="b">Vandenhoeck und Ruprecht</subfield><subfield code="c">[1980]</subfield></datafield><datafield ind1=" " ind2="4" tag="264"><subfield code="c">© 1980</subfield></datafield><datafield ind1=" " ind2=" " tag="300"><subfield code="a">316 S.</subfield><subfield code="c">23 cm</subfield></datafield><datafield ind1=" " ind2=" " tag="336"><subfield code="b">txt</subfield><subfield code="2">rdacontent</subfield></datafield><datafield ind1=" " ind2=" " tag="337"><subfield code="b">n</subfield><subfield code="2">rdamedia</subfield></datafield><datafield ind1=" " ind2=" " tag="338"><subfield code="b">nc</subfield><subfield code="2">rdacarrier</subfield></datafield><datafield ind1="1" ind2=" " tag="490"><subfield code="a">Pietismus und Neuzeit</subfield><subfield code="v">Bd. 5</subfield></datafield><datafield ind1=" " ind2="7" tag="648"><subfield code="a">Geschichte 1848</subfield><subfield code="2">gnd</subfield></datafield><datafield ind1=" " ind2="7" tag="650"><subfield code="a">Kirche</subfield><subfield code="0">(DE-588)4030702-5</subfield><subfield code="2">gnd</subfield></datafield><datafield ind1=" " ind2="7" tag="650"><subfield code="a">Revolution</subfield><subfield code="0">(DE-588)4049680-6</subfield><subfield code="2">gnd</subfield></datafield><datafield ind1=" " ind2="0" tag="650"><subfield code="a">Pietism</subfield><subfield code="x">History</subfield><subfield code="y">19th century</subfield></datafield><datafield ind1=" " ind2="0" tag="651"><subfield code="a">Germany</subfield><subfield code="x">History</subfield><subfield code="y">1789-1900</subfield></datafield><datafield ind1=" " ind2=" " tag="690"><subfield code="a">Revolution / Einzelne Gebiete und Orte / Europa / Deutschland / 1950- ersch.</subfield><subfield code="2">uzb-Z9</subfield></datafield><datafield ind1="1" ind2=" " tag="700"><subfield code="a">Brecht, Martin</subfield><subfield code="d">1932-2021</subfield><subfield code="0">(DE-588)119040557</subfield></datafield><datafield ind1="1" ind2=" " tag="700"><subfield code="a">Loock, Hans-Dietrich</subfield></datafield><datafield ind1="0" ind2=" " tag="773"><subfield code="t">Pietismus und Neuzeit</subfield><subfield code="g">Band 5</subfield><subfield code="g">yr:1979</subfield><subfield code="g">no:5</subfield><subfield code="w">(NEBIS)000989278EBI01</subfield></datafield><datafield ind1=" " ind2=" " tag="830"><subfield code="a">Pietismus und Neuzeit</subfield><subfield code="v">5</subfield><subfield code="w">(RERO)0253124-41slsp</subfield></datafield><datafield ind1=" " ind2=" " tag="900"><subfield code="a">IDSZRMedeaZBZ</subfield></datafield><datafield ind1=" " ind2=" " tag="900"><subfield code="f">IDSU2medea</subfield></datafield><datafield ind1=" " ind2=" " tag="900"><subfield code="a">REROnoselfmerge</subfield></datafield></record>
</metadata></record>