<record><header><identifier>oai:alma.41SLSP_UGE:991000773559705502</identifier><datestamp>2024-11-14T01:08:18Z</datestamp><setSpec>uge_bcen_RapidILL_BOOK</setSpec><setSpec>uge_aaca_RapidILL_BOOK</setSpec><setSpec>uge_abels_RapidILL_BOOK</setSpec><setSpec>uge_dbu_RapidILL_BOOK</setSpec><setSpec>uge_cmu_RapidILL_BOOK</setSpec><setSpec>uge_mail_RapidILL_BOOK</setSpec><setSpec>uge_abbat_RapidILL_BOOK</setSpec><setSpec>UNIGE_ALL</setSpec><setSpec>uge_aobs_RapidILL_BOOK</setSpec><setSpec>uge_acar_RapidILL_BOOK</setSpec></header><metadata>
<record xmlns="http://www.loc.gov/MARC21/slim" xmlns:xsi="http://www.w3.org/2001/XMLSchema-instance" xsi:schemaLocation="http://www.loc.gov/MARC21/slim http://www.loc.gov/standards/marcxml/schema/MARC21slim.xsd"><leader>01466nam a2200349 c 4500</leader><controlfield tag="001">991000773559705502</controlfield><controlfield tag="005">20241113155404.0</controlfield><controlfield tag="008">971210s1839    gw ||||| |||| 00| ||ger d</controlfield><datafield ind1=" " ind2=" " tag="035"><subfield code="a">(swissbib)092758029-41slsp_network</subfield></datafield><datafield ind1=" " ind2=" " tag="035"><subfield code="a">092758029</subfield><subfield code="9">ExL</subfield></datafield><datafield ind1=" " ind2=" " tag="035"><subfield code="a">(RERO)R222983960-41slsp</subfield></datafield><datafield ind1=" " ind2=" " tag="035"><subfield code="a">(EXLNZ-41SLSP_NETWORK)991140097739705501</subfield></datafield><datafield ind1=" " ind2=" " tag="040"><subfield code="a">RERO gevbpu</subfield><subfield code="d">CH-ZuSLS</subfield></datafield><datafield ind1="1" ind2=" " tag="041"><subfield code="a">ger</subfield><subfield code="h">heb</subfield></datafield><datafield ind1=" " ind2="7" tag="072"><subfield code="a">th</subfield><subfield code="2">rero</subfield></datafield><datafield ind1=" " ind2=" " tag="084"><subfield code="a">1111</subfield><subfield code="2">brp</subfield></datafield><datafield ind1="0" ind2="0" tag="245"><subfield code="a">&lt;&lt;Die&gt;&gt; Heilige Schrift des Alten und Neuen Testaments</subfield><subfield code="c">uebers. von W.M.L. de Wette</subfield></datafield><datafield ind1=" " ind2=" " tag="250"><subfield code="a">3., verb. Ausg.</subfield></datafield><datafield ind1=" " ind2="1" tag="264"><subfield code="a">Heidelberg</subfield><subfield code="b">J.C.B. Mohr</subfield><subfield code="c">1839</subfield></datafield><datafield ind1=" " ind2=" " tag="300"><subfield code="a">3 Bde. (527, 539, 288 S.</subfield><subfield code="c">25 cm</subfield></datafield><datafield ind1=" " ind2=" " tag="336"><subfield code="b">txt</subfield><subfield code="2">rdacontent</subfield></datafield><datafield ind1=" " ind2=" " tag="337"><subfield code="b">n</subfield><subfield code="2">rdamedia</subfield></datafield><datafield ind1=" " ind2=" " tag="338"><subfield code="b">nc</subfield><subfield code="2">rdacarrier</subfield></datafield><datafield ind1=" " ind2=" " tag="500"><subfield code="a">Texte disposé en colonnes</subfield></datafield><datafield ind1=" " ind2=" " tag="590"><subfield code="a">Note sur l'exemplaire : don de M. Louis Vallette, 27 fév. 1883</subfield></datafield><datafield ind1="1" ind2=" " tag="700"><subfield code="a">De Wette, Wilhelm Martin Leberecht</subfield><subfield code="d">1780-1849</subfield><subfield code="0">(IDREF)032293097</subfield></datafield><datafield ind1="1" ind2=" " tag="700"><subfield code="a">Vallette, Louis</subfield><subfield code="0">(RERO)A003926120</subfield><subfield code="4">dnr</subfield></datafield><datafield ind1="0" ind2=" " tag="730"><subfield code="a">Bible</subfield><subfield code="n">000</subfield><subfield code="p">A.T. et N.T</subfield><subfield code="l">Allemand</subfield></datafield><datafield ind1="0" ind2="8" tag="776"><subfield code="i">Publié également comme</subfield><subfield code="n">édition en ligne</subfield><subfield code="t">&lt;&lt;Die&gt;&gt; Heilige Schrift des Alten und Neuen Testaments</subfield><subfield code="w">991171988032405501</subfield></datafield><datafield ind1="4" ind2="1" tag="856"><subfield code="u">http://books.google.ch/books?vid=BCUL1099021555</subfield><subfield code="z">VOL. 1</subfield><subfield code="z">Googlos 2007-2009</subfield></datafield><datafield ind1="4" ind2="1" tag="856"><subfield code="u">http://books.google.ch/books?vid=BCUL1099021557</subfield><subfield code="z">VOL. 2</subfield><subfield code="z">Googlos 2007-2009</subfield></datafield><datafield ind1="4" ind2="1" tag="856"><subfield code="u">http://books.google.ch/books?vid=BCUL1099021558</subfield><subfield code="z">VOL. 3</subfield><subfield code="z">Metadata seulement?</subfield><subfield code="z">Googlos 2007-2009</subfield></datafield><datafield ind1=" " ind2=" " tag="900"><subfield code="a">REROswissbibnomerge</subfield></datafield></record>
</metadata></record>