<record><header><identifier>oai:alma.41SLSP_UGE:991000773039705502</identifier><datestamp>2024-10-05T00:13:24Z</datestamp><setSpec>uge_bcen_RapidILL_BOOK</setSpec><setSpec>uge_aaca_RapidILL_BOOK</setSpec><setSpec>uge_abels_RapidILL_BOOK</setSpec><setSpec>uge_dbu_RapidILL_BOOK</setSpec><setSpec>uge_cmu_RapidILL_BOOK</setSpec><setSpec>uge_mail_RapidILL_BOOK</setSpec><setSpec>uge_abbat_RapidILL_BOOK</setSpec><setSpec>UNIGE_ALL</setSpec><setSpec>uge_aobs_RapidILL_BOOK</setSpec><setSpec>uge_acar_RapidILL_BOOK</setSpec></header><metadata>
<record xmlns="http://www.loc.gov/MARC21/slim" xmlns:xsi="http://www.w3.org/2001/XMLSchema-instance" xsi:schemaLocation="http://www.loc.gov/MARC21/slim http://www.loc.gov/standards/marcxml/schema/MARC21slim.xsd"><leader>01566nam a2200457 c 4500</leader><controlfield tag="001">991000773039705502</controlfield><controlfield tag="005">20241004184715.0</controlfield><controlfield tag="008">201011s1975    gw ||||| |||| 00| ||ger d</controlfield><datafield ind1=" " ind2=" " tag="035"><subfield code="a">(swissbib)228619874-41slsp_network</subfield></datafield><datafield ind1=" " ind2=" " tag="035"><subfield code="a">228619874</subfield><subfield code="9">ExL</subfield></datafield><datafield ind1=" " ind2=" " tag="035"><subfield code="a">(RERO)R267571660-41slsp</subfield></datafield><datafield ind1=" " ind2=" " tag="035"><subfield code="a">(IDSBB)000248455DSV01</subfield></datafield><datafield ind1=" " ind2=" " tag="035"><subfield code="a">(NEBIS)003908072EBI01</subfield></datafield><datafield ind1=" " ind2=" " tag="035"><subfield code="a">(EXLNZ-41SLSP_NETWORK)991033247459705501</subfield></datafield><datafield ind1=" " ind2=" " tag="040"><subfield code="a">RERO gevbaa</subfield><subfield code="d">CH-ZuSLS</subfield></datafield><datafield ind1=" " ind2="7" tag="072"><subfield code="a">ar</subfield><subfield code="2">rero</subfield></datafield><datafield ind1=" " ind2="7" tag="072"><subfield code="a">ar</subfield><subfield code="2">SzZuIDS BS/BE</subfield></datafield><datafield ind1=" " ind2="7" tag="072"><subfield code="a">ao</subfield><subfield code="2">SzZuIDS BS/BE</subfield></datafield><datafield ind1="1" ind2="4" tag="082"><subfield code="a">930</subfield><subfield code="2">15</subfield></datafield><datafield ind1="1" ind2=" " tag="100"><subfield code="a">Trümpelmann, Leo</subfield><subfield code="d">1931-1989</subfield><subfield code="0">(IDREF)034930833</subfield><subfield code="4">cre</subfield></datafield><datafield ind1="1" ind2="0" tag="245"><subfield code="a">&lt;&lt;Das&gt;&gt; sasanidische Felsrelief von Sar Mašhad</subfield><subfield code="c">von Leo Trümpelmann</subfield></datafield><datafield ind1=" " ind2="1" tag="264"><subfield code="a">Berlin</subfield><subfield code="b">D. Reimer</subfield><subfield code="c">[1975]</subfield></datafield><datafield ind1=" " ind2="4" tag="264"><subfield code="c">© 1975</subfield></datafield><datafield ind1=" " ind2=" " tag="300"><subfield code="a">12 p.</subfield><subfield code="b">ill.</subfield><subfield code="c">40 cm</subfield><subfield code="e">7 pl</subfield></datafield><datafield ind1=" " ind2=" " tag="336"><subfield code="b">txt</subfield><subfield code="2">rdacontent</subfield></datafield><datafield ind1=" " ind2=" " tag="337"><subfield code="b">n</subfield><subfield code="2">rdamedia</subfield></datafield><datafield ind1=" " ind2=" " tag="338"><subfield code="b">nc</subfield><subfield code="2">rdacarrier</subfield></datafield><datafield ind1="1" ind2=" " tag="490"><subfield code="a">Iranische Denkmäler</subfield><subfield code="v">Reihe 2, Lfg. 5</subfield></datafield><datafield ind1="1" ind2=" " tag="490"><subfield code="a">Iranische Felsreliefs</subfield><subfield code="v">A</subfield></datafield><datafield ind1=" " ind2="4" tag="650"><subfield code="a">Felsrelief</subfield></datafield><datafield ind1=" " ind2="0" tag="650"><subfield code="a">Petroglyphs</subfield><subfield code="z">Iran</subfield></datafield><datafield ind1=" " ind2="0" tag="650"><subfield code="a">Relief (Sculpture), Ancient</subfield><subfield code="z">Iran</subfield></datafield><datafield ind1=" " ind2="0" tag="650"><subfield code="a">Sassanids</subfield></datafield><datafield ind1=" " ind2="4" tag="651"><subfield code="a">Sar Mašhad</subfield></datafield><datafield ind1=" " ind2="0" tag="651"><subfield code="a">Iran</subfield><subfield code="x">Antiquities</subfield></datafield><datafield ind1=" " ind2=" " tag="690"><subfield code="a">Iran / Archäologie</subfield><subfield code="2">uzb-Z9</subfield></datafield><datafield ind1=" " ind2=" " tag="690"><subfield code="a">Relief (Kunst) / Einzelne Gebiete und Orte / Asien</subfield><subfield code="2">uzb-Z9</subfield></datafield><datafield ind1=" " ind2=" " tag="830"><subfield code="a">Iranische Felsreliefs</subfield><subfield code="v">A</subfield><subfield code="w">(NEBIS)001076448EBI01</subfield></datafield><datafield ind1=" " ind2=" " tag="830"><subfield code="a">Iranische Denkmäler</subfield><subfield code="v">5</subfield><subfield code="w">(RERO)0783094-41slsp</subfield></datafield><datafield ind1=" " ind2=" " tag="830"><subfield code="a">Iranische Denkmäler</subfield><subfield code="p">Reihe 2, Iranische Felsreliefs</subfield><subfield code="v">=/5</subfield><subfield code="w">(IDSBB)000248443DSV01</subfield></datafield><datafield ind1=" " ind2=" " tag="900"><subfield code="a">REROnoselfmerge</subfield></datafield><datafield ind1=" " ind2=" " tag="900"><subfield code="a">IDSZRMedeaZBZ</subfield><subfield code="c">IDSZRgabr</subfield></datafield></record>
</metadata></record>