<record><header><identifier>oai:alma.41SLSP_UGE:991000777309705502</identifier><datestamp>2023-04-17T00:12:40Z</datestamp><setSpec>uge_bcen_RapidILL_BOOK</setSpec><setSpec>uge_aaca_RapidILL_BOOK</setSpec><setSpec>uge_abels_RapidILL_BOOK</setSpec><setSpec>uge_dbu_RapidILL_BOOK</setSpec><setSpec>uge_cmu_RapidILL_BOOK</setSpec><setSpec>uge_mail_RapidILL_BOOK</setSpec><setSpec>uge_abbat_RapidILL_BOOK</setSpec><setSpec>UNIGE_ALL</setSpec><setSpec>uge_aobs_RapidILL_BOOK</setSpec><setSpec>uge_acar_RapidILL_BOOK</setSpec></header><metadata>
<record xmlns="http://www.loc.gov/MARC21/slim" xmlns:xsi="http://www.w3.org/2001/XMLSchema-instance" xsi:schemaLocation="http://www.loc.gov/MARC21/slim http://www.loc.gov/standards/marcxml/schema/MARC21slim.xsd"><leader>02878nam a2200601 c 4500</leader><controlfield tag="001">991000777309705502</controlfield><controlfield tag="005">20230416094858.0</controlfield><controlfield tag="008">201011s2016    ne            00| | eng|d</controlfield><datafield ind1=" " ind2=" " tag="020"><subfield code="a">9789491673238</subfield><subfield code="c">EUR 313.20</subfield></datafield><datafield ind1=" " ind2=" " tag="020"><subfield code="a">9491673238</subfield></datafield><datafield ind1=" " ind2=" " tag="035"><subfield code="a">(swissbib)211682055-41slsp_network</subfield></datafield><datafield ind1=" " ind2=" " tag="035"><subfield code="a">211682055</subfield><subfield code="9">ExL</subfield></datafield><datafield ind1=" " ind2=" " tag="035"><subfield code="a">(IDSLU)001209319ILU01</subfield></datafield><datafield ind1=" " ind2=" " tag="035"><subfield code="a">(RERO)R008808929-41slsp</subfield></datafield><datafield ind1=" " ind2=" " tag="035"><subfield code="a">(OCoLC)903002019</subfield><subfield code="z">(OCoLC)906122017</subfield></datafield><datafield ind1=" " ind2=" " tag="035"><subfield code="a">(EXLNZ-41SLSP_NETWORK)991156637979705501</subfield></datafield><datafield ind1=" " ind2=" " tag="040"><subfield code="a">ERASA</subfield><subfield code="b">ger</subfield><subfield code="e">rda</subfield><subfield code="d">CH-ZuSLS</subfield></datafield><datafield ind1=" " ind2="4" tag="050"><subfield code="a">KJE6848</subfield><subfield code="b">.H36 2016</subfield></datafield><datafield ind1=" " ind2="7" tag="072"><subfield code="a">812</subfield><subfield code="2">IDS LU</subfield></datafield><datafield ind1=" " ind2="7" tag="072"><subfield code="a">dr</subfield><subfield code="2">rero</subfield></datafield><datafield ind1="0" ind2="4" tag="082"><subfield code="a">343.24092</subfield><subfield code="2">23</subfield></datafield><datafield ind1=" " ind2=" " tag="084"><subfield code="a">CA/CE 49 h</subfield><subfield code="2">cjurrom</subfield></datafield><datafield ind1=" " ind2=" " tag="084"><subfield code="a">FA 45 g</subfield><subfield code="2">cjurrom</subfield></datafield><datafield ind1=" " ind2=" " tag="084"><subfield code="a">CA/CE 49 g</subfield><subfield code="2">cjurrom</subfield></datafield><datafield ind1="1" ind2=" " tag="100"><subfield code="a">Hancher, Leigh</subfield><subfield code="d">1956-</subfield><subfield code="0">(DE-588)141692685</subfield><subfield code="4">aut</subfield><subfield code="6">880-01</subfield></datafield><datafield ind1="1" ind2=" " tag="880"><subfield code="6">100-01</subfield><subfield code="a">Hancher, Leigh</subfield><subfield code="d">1956-</subfield><subfield code="0">(IDREF)028870808</subfield></datafield><datafield ind1="1" ind2="0" tag="245"><subfield code="a">EU competition law and energy markets</subfield><subfield code="c">Leigh Hancher [und 6 weitere] ; edited by Christopher Jones</subfield></datafield><datafield ind1=" " ind2=" " tag="250"><subfield code="a">Fourth edition</subfield></datafield><datafield ind1=" " ind2="1" tag="264"><subfield code="a">Deventer (Netherlands)</subfield><subfield code="b">Claeys &amp; Casteels</subfield><subfield code="c">2016</subfield></datafield><datafield ind1=" " ind2=" " tag="300"><subfield code="a">XXIII, 1283 p.</subfield><subfield code="c">25 cm</subfield></datafield><datafield ind1=" " ind2=" " tag="336"><subfield code="b">txt</subfield><subfield code="2">rdacontent</subfield></datafield><datafield ind1=" " ind2=" " tag="337"><subfield code="b">n</subfield><subfield code="2">rdamedia</subfield></datafield><datafield ind1=" " ind2=" " tag="338"><subfield code="b">nc</subfield><subfield code="2">rdacarrier</subfield></datafield><datafield ind1="1" ind2=" " tag="490"><subfield code="a">EU energy law</subfield><subfield code="v">volume 2</subfield></datafield><datafield ind1=" " ind2=" " tag="500"><subfield code="a">Enthält die entsprechenden Gesetzestexte</subfield></datafield><datafield ind1=" " ind2=" " tag="504"><subfield code="a">Notes bibliogr. Index</subfield></datafield><datafield ind1="8" ind2=" " tag="520"><subfield code="a">Présentation de l'éditeur : &quot;This fourth edition incorporates the numerous changes since the previous edition in 2011 ; including an entirely reworked section on anti-competitive agreements and practices, an update of all new merger decisions as well as abuse of dominance. Furthermore, the new edition will include a detailed update and explanation of the major developments on state aid, with the publication of new Guidelines applicable inter alia to renewable energy support schemes, introducing major reform and key decisions, such as the one on the UK Hinkley Point nuclear reactor.&quot;</subfield></datafield><datafield ind1="2" ind2="7" tag="610"><subfield code="a">Europäische Union</subfield><subfield code="0">(DE-588)5098525-5</subfield><subfield code="2">gnd</subfield></datafield><datafield ind1=" " ind2="7" tag="650"><subfield code="a">Energiemarkt</subfield><subfield code="0">(DE-588)4014712-5</subfield><subfield code="2">gnd</subfield></datafield><datafield ind1=" " ind2="7" tag="650"><subfield code="a">Energierecht</subfield><subfield code="0">(DE-588)4130688-0</subfield><subfield code="2">gnd</subfield></datafield><datafield ind1=" " ind2="7" tag="650"><subfield code="a">Wettbewerbsrecht</subfield><subfield code="0">(DE-588)4121924-7</subfield><subfield code="2">gnd</subfield></datafield><datafield ind1=" " ind2="0" tag="650"><subfield code="a">Antitrust law</subfield><subfield code="z">European Union countries</subfield></datafield><datafield ind1=" " ind2="0" tag="650"><subfield code="a">Competition</subfield><subfield code="z">European Union countries</subfield></datafield><datafield ind1=" " ind2="0" tag="650"><subfield code="a">Energy industries</subfield><subfield code="z">European Union countries</subfield></datafield><datafield ind1=" " ind2="0" tag="650"><subfield code="a">Restraint of trade</subfield><subfield code="z">European Union countries</subfield></datafield><datafield ind1=" " ind2="7" tag="655"><subfield code="a">Aufsatzsammlung</subfield><subfield code="2">gnd-content</subfield></datafield><datafield ind1=" " ind2=" " tag="691"><subfield code="e">PF 84</subfield><subfield code="2">rzs-L1</subfield></datafield><datafield ind1=" " ind2=" " tag="691"><subfield code="e">PF 49</subfield><subfield code="2">rzs-L1</subfield></datafield><datafield ind1="1" ind2=" " tag="700"><subfield code="a">Hauteclocque, Adrien de</subfield><subfield code="0">(IDREF)158552342</subfield></datafield><datafield ind1="1" ind2=" " tag="700"><subfield code="a">Jones, Christopher</subfield><subfield code="0">(DE-588)129573205</subfield><subfield code="4">edt</subfield><subfield code="6">880-02</subfield></datafield><datafield ind1="1" ind2=" " tag="880"><subfield code="6">700-02</subfield><subfield code="a">Jones, Christopher</subfield><subfield code="c">juriste</subfield><subfield code="d">19..-....</subfield><subfield code="0">(IDREF)069338604</subfield></datafield><datafield ind1="4" ind2=" " tag="856"><subfield code="3">Inhaltsverzeichnis</subfield><subfield code="u">https://www.ub.unibas.ch/tox/IDSLUZ/001209319/PDF</subfield><subfield code="q">pdf</subfield></datafield><datafield ind1=" " ind2="0" tag="830"><subfield code="a">EU energy law</subfield><subfield code="v">2</subfield><subfield code="w">(IDSLU)001242629ILU01</subfield></datafield><datafield ind1=" " ind2=" " tag="949"><subfield code="a">https://www.ub.unibas.ch/tox/IDSLUZ/001209319/PDF</subfield></datafield></record>
</metadata></record>