<record><header><identifier>oai:alma.41SLSP_UGE:991000776889705502</identifier><datestamp>2023-03-01T01:10:18Z</datestamp><setSpec>uge_bcen_RapidILL_BOOK</setSpec><setSpec>uge_aaca_RapidILL_BOOK</setSpec><setSpec>uge_abels_RapidILL_BOOK</setSpec><setSpec>uge_dbu_RapidILL_BOOK</setSpec><setSpec>uge_cmu_RapidILL_BOOK</setSpec><setSpec>uge_mail_RapidILL_BOOK</setSpec><setSpec>UNIGE_ALL</setSpec><setSpec>uge_abbat_RapidILL_BOOK</setSpec><setSpec>uge_aobs_RapidILL_BOOK</setSpec><setSpec>uge_acar_RapidILL_BOOK</setSpec></header><metadata>
<record xmlns="http://www.loc.gov/MARC21/slim" xmlns:xsi="http://www.w3.org/2001/XMLSchema-instance" xsi:schemaLocation="http://www.loc.gov/MARC21/slim http://www.loc.gov/standards/marcxml/schema/MARC21slim.xsd"><leader>01217nam a2200349uc 4500</leader><controlfield tag="001">991000776889705502</controlfield><controlfield tag="005">20201230224152.0</controlfield><controlfield tag="008">201011s1983    xxu    |      00| ||eng|d</controlfield><datafield ind1=" " ind2=" " tag="010"><subfield code="a">64007288</subfield></datafield><datafield ind1=" " ind2=" " tag="020"><subfield code="a">0916094472</subfield></datafield><datafield ind1=" " ind2=" " tag="035"><subfield code="a">(swissbib)225231328-41slsp_network</subfield></datafield><datafield ind1=" " ind2=" " tag="035"><subfield code="a">225231328</subfield><subfield code="9">ExL</subfield></datafield><datafield ind1=" " ind2=" " tag="035"><subfield code="a">(NEBIS)000494065EBI01</subfield></datafield><datafield ind1=" " ind2=" " tag="035"><subfield code="a">(RERO)1505797-41slsp</subfield></datafield><datafield ind1=" " ind2=" " tag="035"><subfield code="a">(EXLNZ-41SLSP_NETWORK)991089836279705501</subfield></datafield><datafield ind1=" " ind2=" " tag="040"><subfield code="a">ETH-BIB</subfield><subfield code="b">ger</subfield><subfield code="e">ETHICS-ISBD</subfield><subfield code="d">CH-ZuSLS</subfield></datafield><datafield ind1=" " ind2="7" tag="072"><subfield code="a">ch</subfield><subfield code="2">rero</subfield></datafield><datafield ind1=" " ind2="7" tag="072"><subfield code="a">in</subfield><subfield code="2">rero</subfield></datafield><datafield ind1="0" ind2="0" tag="245"><subfield code="a">Phase diagrams for ceramists vol. 5</subfield></datafield><datafield ind1=" " ind2="1" tag="264"><subfield code="a">Cop. 1983</subfield></datafield><datafield ind1=" " ind2=" " tag="300"><subfield code="a">VII, 395 S.</subfield><subfield code="c">30 cm</subfield><subfield code="b">Ill.</subfield></datafield><datafield ind1=" " ind2=" " tag="336"><subfield code="b">txt</subfield><subfield code="2">rdacontent</subfield></datafield><datafield ind1=" " ind2=" " tag="337"><subfield code="b">n</subfield><subfield code="2">rdamedia</subfield></datafield><datafield ind1=" " ind2=" " tag="338"><subfield code="b">nc</subfield><subfield code="2">rdacarrier</subfield></datafield><datafield ind1="1" ind2=" " tag="490"><subfield code="a">Phase diagrams for ceramists</subfield><subfield code="v">vol. 5</subfield></datafield><datafield ind1=" " ind2=" " tag="500"><subfield code="a">Auf Umschlagseite: (Figures 5591 - 6254)</subfield></datafield><datafield ind1=" " ind2=" " tag="500"><subfield code="a">La couv. porte: Figures 5591-6254</subfield></datafield><datafield ind1=" " ind2="7" tag="650"><subfield code="a">NICHTNUMERISCHE TAFELN (DOKUMENTENTYP)</subfield><subfield code="9">ger</subfield><subfield code="0">(ETHUDK)000000106</subfield><subfield code="2">ethudk</subfield></datafield><datafield ind1=" " ind2="7" tag="650"><subfield code="a">PHASENGLEICHGEWICHTE (PHYSIKALISCHE CHEMIE)</subfield><subfield code="9">ger</subfield><subfield code="0">(ETHUDK)000015946</subfield><subfield code="2">ethudk</subfield></datafield><datafield ind1="1" ind2=" " tag="700"><subfield code="a">Roth, Robert S</subfield><subfield code="0">(RERO)A003763781</subfield></datafield><datafield ind1="1" ind2=" " tag="700"><subfield code="a">Smith, Geraldine</subfield><subfield code="d">ca. 1918-2005</subfield><subfield code="0">(RERO)A003839266</subfield></datafield><datafield ind1=" " ind2=" " tag="830"><subfield code="a">Phase diagrams for ceramists</subfield><subfield code="v">5</subfield><subfield code="w">(NEBIS)000493998EBI01</subfield></datafield><datafield ind1=" " ind2=" " tag="900"><subfield code="a">REROnoselfmerge</subfield></datafield></record>
</metadata></record>