<record><header><identifier>oai:alma.41SLSP_UGE:991000773139705502</identifier><datestamp>2023-03-01T01:10:18Z</datestamp><setSpec>uge_bcen_RapidILL_BOOK</setSpec><setSpec>uge_aaca_RapidILL_BOOK</setSpec><setSpec>uge_abels_RapidILL_BOOK</setSpec><setSpec>uge_dbu_RapidILL_BOOK</setSpec><setSpec>uge_cmu_RapidILL_BOOK</setSpec><setSpec>uge_mail_RapidILL_BOOK</setSpec><setSpec>UNIGE_ALL</setSpec><setSpec>uge_abbat_RapidILL_BOOK</setSpec><setSpec>uge_aobs_RapidILL_BOOK</setSpec><setSpec>uge_acar_RapidILL_BOOK</setSpec></header><metadata>
<record xmlns="http://www.loc.gov/MARC21/slim" xmlns:xsi="http://www.w3.org/2001/XMLSchema-instance" xsi:schemaLocation="http://www.loc.gov/MARC21/slim http://www.loc.gov/standards/marcxml/schema/MARC21slim.xsd"><leader>01082nam a2200265 c 4500</leader><controlfield tag="001">991000773139705502</controlfield><controlfield tag="005">20201227135256.0</controlfield><controlfield tag="008">021119m18651868ne ||||| |||| 00| ||dut d</controlfield><datafield ind1=" " ind2=" " tag="035"><subfield code="a">(swissbib)098393790-41slsp_network</subfield></datafield><datafield ind1=" " ind2=" " tag="035"><subfield code="a">098393790</subfield><subfield code="9">ExL</subfield></datafield><datafield ind1=" " ind2=" " tag="035"><subfield code="a">(RERO)R003273539-41slsp</subfield></datafield><datafield ind1=" " ind2=" " tag="035"><subfield code="a">(EXLNZ-41SLSP_NETWORK)991068364349705501</subfield></datafield><datafield ind1=" " ind2=" " tag="040"><subfield code="a">RERO geuchr</subfield><subfield code="d">CH-ZuSLS</subfield></datafield><datafield ind1="1" ind2=" " tag="041"><subfield code="a">dut</subfield><subfield code="h">lat</subfield></datafield><datafield ind1=" " ind2="7" tag="072"><subfield code="a">th</subfield><subfield code="2">rero</subfield></datafield><datafield ind1="1" ind2=" " tag="100"><subfield code="a">Calvin, Jean</subfield><subfield code="d">1509-1564</subfield><subfield code="0">(IDREF)026763362</subfield><subfield code="4">cre</subfield></datafield><datafield ind1="1" ind2="0" tag="245"><subfield code="a">Johannes Calvijn's Institutie, of onderwijzing in de christelijke godsdienst</subfield><subfield code="c">op nieuw uit het latijn vertaald naar de laatste uitgave in mei 1864, door G. Baum, E. Cunitz en E. Reuss: [W.J. Wijenberg]</subfield></datafield><datafield ind1=" " ind2="1" tag="264"><subfield code="a">Kampen</subfield><subfield code="b">G.P. Zalsman</subfield><subfield code="c">1865-1868</subfield></datafield><datafield ind1=" " ind2=" " tag="300"><subfield code="a">3 vol. (XXXV, 604 p.) (592 p.) (II, 626, VI p.)</subfield><subfield code="c">24 cm</subfield></datafield><datafield ind1=" " ind2=" " tag="336"><subfield code="b">txt</subfield><subfield code="2">rdacontent</subfield></datafield><datafield ind1=" " ind2=" " tag="337"><subfield code="b">n</subfield><subfield code="2">rdamedia</subfield></datafield><datafield ind1=" " ind2=" " tag="338"><subfield code="b">nc</subfield><subfield code="2">rdacarrier</subfield></datafield><datafield ind1=" " ind2=" " tag="500"><subfield code="a">Traduit de: Institutio religionis christianae</subfield></datafield><datafield ind1="1" ind2="2" tag="700"><subfield code="a">Calvin, Jean</subfield><subfield code="d">1509-1564</subfield><subfield code="t">Institutie, of onderwijzing in de christelijke godsdienst</subfield></datafield><datafield ind1="1" ind2=" " tag="700"><subfield code="a">Wijenberg, W.J</subfield><subfield code="0">(RERO)A009015212</subfield></datafield><datafield ind1=" " ind2=" " tag="900"><subfield code="a">REROnoselfmerge</subfield></datafield><datafield ind1=" " ind2=" " tag="993"><subfield code="a">MHR A 12,4(865)</subfield><subfield code="x">ge/mhr-/5023</subfield><subfield code="9">LOCAL</subfield></datafield></record>
</metadata></record>