<record><header><identifier>oai:alma.41SLSP_UGE:991000772839705502</identifier><datestamp>2023-03-01T01:10:18Z</datestamp><setSpec>uge_bcen_RapidILL_BOOK</setSpec><setSpec>uge_aaca_RapidILL_BOOK</setSpec><setSpec>uge_abels_RapidILL_BOOK</setSpec><setSpec>uge_dbu_RapidILL_BOOK</setSpec><setSpec>uge_cmu_RapidILL_BOOK</setSpec><setSpec>uge_mail_RapidILL_BOOK</setSpec><setSpec>uge_abbat_RapidILL_BOOK</setSpec><setSpec>UNIGE_ALL</setSpec><setSpec>uge_aobs_RapidILL_BOOK</setSpec><setSpec>uge_acar_RapidILL_BOOK</setSpec></header><metadata>
<record xmlns="http://www.loc.gov/MARC21/slim" xmlns:xsi="http://www.w3.org/2001/XMLSchema-instance" xsi:schemaLocation="http://www.loc.gov/MARC21/slim http://www.loc.gov/standards/marcxml/schema/MARC21slim.xsd"><leader>02400nam a2200697 c 4500</leader><controlfield tag="001">991000772839705502</controlfield><controlfield tag="005">20230228195427.0</controlfield><controlfield tag="008">201011s2007    ne ||||| |||| 00| ||eng d</controlfield><datafield ind1=" " ind2=" " tag="010"><subfield code="a">2007060853</subfield></datafield><datafield ind1=" " ind2=" " tag="015"><subfield code="a">GBA703274</subfield><subfield code="2">bnb</subfield></datafield><datafield ind1=" " ind2=" " tag="020"><subfield code="a">9789004157736</subfield><subfield code="q">pbk.</subfield></datafield><datafield ind1=" " ind2=" " tag="020"><subfield code="a">9004157735</subfield><subfield code="q">pbk. : alk. paper</subfield></datafield><datafield ind1=" " ind2=" " tag="035"><subfield code="a">(swissbib)219077940-41slsp_network</subfield></datafield><datafield ind1=" " ind2=" " tag="035"><subfield code="a">219077940</subfield><subfield code="9">ExL</subfield></datafield><datafield ind1=" " ind2=" " tag="035"><subfield code="a">(RERO)R008239316-41slsp</subfield></datafield><datafield ind1=" " ind2=" " tag="035"><subfield code="a">(IDSBB)004455001DSV01</subfield></datafield><datafield ind1=" " ind2=" " tag="035"><subfield code="a">(NEBIS)005313008EBI01</subfield></datafield><datafield ind1=" " ind2=" " tag="035"><subfield code="a">(EXLNZ-41SLSP_NETWORK)991069145609705501</subfield></datafield><datafield ind1=" " ind2=" " tag="040"><subfield code="a">DLC</subfield><subfield code="d">CH-ZuSLS</subfield></datafield><datafield ind1=" " ind2="0" tag="050"><subfield code="a">QL85</subfield><subfield code="b">.K66 2007</subfield></datafield><datafield ind1=" " ind2="7" tag="072"><subfield code="a">an</subfield><subfield code="2">rero</subfield></datafield><datafield ind1=" " ind2="7" tag="072"><subfield code="a">ph</subfield><subfield code="2">rero</subfield></datafield><datafield ind1=" " ind2="7" tag="072"><subfield code="a">ph</subfield><subfield code="2">SzZuIDS BS/BE</subfield></datafield><datafield ind1="0" ind2="0" tag="082"><subfield code="a">591.5/1</subfield><subfield code="2">22</subfield></datafield><datafield ind1="0" ind2="4" tag="082"><subfield code="a">179.3</subfield><subfield code="2">22</subfield></datafield><datafield ind1="0" ind2="4" tag="082"><subfield code="a">591.5 1</subfield><subfield code="2">22</subfield></datafield><datafield ind1=" " ind2=" " tag="084"><subfield code="a">CC 6000</subfield><subfield code="2">rvk</subfield></datafield><datafield ind1="0" ind2="0" tag="245"><subfield code="a">Knowing animals</subfield><subfield code="c">edited by Laurence Simmons and Philip Armstrong</subfield></datafield><datafield ind1=" " ind2="1" tag="264"><subfield code="a">Leiden</subfield><subfield code="a">Boston</subfield><subfield code="b">Brill</subfield><subfield code="c">2007</subfield></datafield><datafield ind1=" " ind2=" " tag="300"><subfield code="a">xv, 296 p.</subfield><subfield code="b">ill.</subfield><subfield code="c">24 cm</subfield></datafield><datafield ind1=" " ind2=" " tag="336"><subfield code="b">txt</subfield><subfield code="2">rdacontent</subfield></datafield><datafield ind1=" " ind2=" " tag="337"><subfield code="b">n</subfield><subfield code="2">rdamedia</subfield></datafield><datafield ind1=" " ind2=" " tag="338"><subfield code="b">nc</subfield><subfield code="2">rdacarrier</subfield></datafield><datafield ind1="1" ind2=" " tag="490"><subfield code="a">Human-animal studies</subfield><subfield code="v">vol. 4</subfield></datafield><datafield ind1=" " ind2=" " tag="504"><subfield code="a">Includes bibliographical references and index</subfield></datafield><datafield ind1=" " ind2="7" tag="650"><subfield code="a">Relations homme-animal</subfield><subfield code="0">(IDREF)028718445</subfield><subfield code="2">idref</subfield></datafield><datafield ind1=" " ind2="0" tag="650"><subfield code="a">Animals (Philosophy)</subfield></datafield><datafield ind1=" " ind2="0" tag="650"><subfield code="a">Animals in art</subfield></datafield><datafield ind1=" " ind2="0" tag="650"><subfield code="a">Animals in literature</subfield></datafield><datafield ind1=" " ind2="0" tag="650"><subfield code="a">Animal behavior</subfield></datafield><datafield ind1=" " ind2="0" tag="650"><subfield code="a">Anthropomorphism</subfield></datafield><datafield ind1=" " ind2="0" tag="650"><subfield code="a">Human-animal relationships</subfield></datafield><datafield ind1=" " ind2="7" tag="650"><subfield code="a">Tiere</subfield><subfield code="0">(DE-588)4060087-7</subfield><subfield code="2">gnd</subfield></datafield><datafield ind1=" " ind2="7" tag="650"><subfield code="a">Anthropologie</subfield><subfield code="0">(DE-588)4002230-4</subfield><subfield code="2">gnd</subfield></datafield><datafield ind1=" " ind2="7" tag="650"><subfield code="a">Mensch</subfield><subfield code="0">(DE-588)4038639-9</subfield><subfield code="2">gnd</subfield></datafield><datafield ind1=" " ind2="7" tag="650"><subfield code="a">Mensch</subfield><subfield code="2">idszbz</subfield></datafield><datafield ind1=" " ind2="7" tag="650"><subfield code="a">Kultur</subfield><subfield code="0">(DE-588)4125698-0</subfield><subfield code="2">gnd</subfield></datafield><datafield ind1=" " ind2="7" tag="650"><subfield code="a">Tiere</subfield><subfield code="2">idszbz</subfield></datafield><datafield ind1=" " ind2="7" tag="650"><subfield code="a">Anthropomorphismus</subfield><subfield code="2">idszbz</subfield></datafield><datafield ind1=" " ind2="7" tag="655"><subfield code="a">Aufsatzsammlung</subfield><subfield code="2">gnd-content</subfield></datafield><datafield ind1=" " ind2="7" tag="655"><subfield code="a">Aufsatzsammlung</subfield><subfield code="2">idszbz</subfield></datafield><datafield ind1="1" ind2=" " tag="700"><subfield code="a">Armstrong, Philip</subfield><subfield code="0">(RERO)A002938980</subfield></datafield><datafield ind1="1" ind2=" " tag="700"><subfield code="a">Simmons, Laurence</subfield><subfield code="0">(IDREF)106968548</subfield></datafield><datafield ind1="4" ind2=" " tag="856"><subfield code="3">Inhaltsverzeichnis</subfield><subfield code="u">http://www.ub.unibas.ch/tox/IDSBB/004455001/PDF</subfield><subfield code="q">pdf</subfield></datafield><datafield ind1=" " ind2="0" tag="830"><subfield code="a">Human-animal studies</subfield><subfield code="p">Brill</subfield><subfield code="v">4</subfield><subfield code="w">(RERO)R009060769-41slsp</subfield></datafield><datafield ind1=" " ind2="0" tag="830"><subfield code="a">Human-animal studies</subfield><subfield code="v">4</subfield><subfield code="w">(NEBIS)004956878EBI01</subfield></datafield><datafield ind1=" " ind2=" " tag="900"><subfield code="a">REROnoselfmerge</subfield></datafield><datafield ind1=" " ind2=" " tag="900"><subfield code="a">IDSZ2zbzmon200704f</subfield><subfield code="c">IDSZ2proc</subfield><subfield code="d">IDSZ2zbzswk200706b</subfield><subfield code="e">IDSZ2wart</subfield></datafield><datafield ind1=" " ind2=" " tag="910"><subfield code="a">LOC</subfield><subfield code="b">20150828</subfield><subfield code="c">Droits réservés</subfield></datafield><datafield ind1=" " ind2=" " tag="911"><subfield code="a">700</subfield><subfield code="a">Simmons, Laurence</subfield><subfield code="d">1952-</subfield></datafield><datafield ind1=" " ind2=" " tag="911"><subfield code="a">700</subfield><subfield code="a">Armstrong, Philip</subfield><subfield code="d">1967-</subfield></datafield><datafield ind1=" " ind2=" " tag="949"><subfield code="a">http://www.ub.unibas.ch/tox/IDSBB/004455001/PDF</subfield></datafield></record>
</metadata></record>