<record><header><identifier>oai:alma.41SLSP_UGE:991000773669705502</identifier><datestamp>2023-05-03T00:38:58Z</datestamp><setSpec>uge_bcen_RapidILL_BOOK</setSpec><setSpec>uge_aaca_RapidILL_BOOK</setSpec><setSpec>uge_abels_RapidILL_BOOK</setSpec><setSpec>uge_dbu_RapidILL_BOOK</setSpec><setSpec>uge_cmu_RapidILL_BOOK</setSpec><setSpec>uge_mail_RapidILL_BOOK</setSpec><setSpec>uge_abbat_RapidILL_BOOK</setSpec><setSpec>UNIGE_ALL</setSpec><setSpec>uge_aobs_RapidILL_BOOK</setSpec><setSpec>uge_acar_RapidILL_BOOK</setSpec></header><metadata>
<record xmlns="http://www.loc.gov/MARC21/slim" xmlns:xsi="http://www.w3.org/2001/XMLSchema-instance" xsi:schemaLocation="http://www.loc.gov/MARC21/slim http://www.loc.gov/standards/marcxml/schema/MARC21slim.xsd"><leader>03194nam a2200781 c 4500</leader><controlfield tag="001">991000773669705502</controlfield><controlfield tag="005">20230502191036.0</controlfield><controlfield tag="008">201011s2016    ne j     m||| 001 0 eng| </controlfield><datafield ind1=" " ind2=" " tag="010"><subfield code="a">2016001253</subfield></datafield><datafield ind1=" " ind2=" " tag="020"><subfield code="z">9789004314801</subfield><subfield code="q">e-book</subfield></datafield><datafield ind1=" " ind2=" " tag="020"><subfield code="a">9004314792</subfield><subfield code="q">hardback</subfield></datafield><datafield ind1=" " ind2=" " tag="020"><subfield code="a">9789004314795</subfield><subfield code="q">hardback</subfield></datafield><datafield ind1=" " ind2=" " tag="035"><subfield code="a">(swissbib)226531899-41slsp_network</subfield></datafield><datafield ind1=" " ind2=" " tag="035"><subfield code="a">226531899</subfield><subfield code="9">ExL</subfield></datafield><datafield ind1=" " ind2=" " tag="035"><subfield code="a">(NEBIS)010699825EBI01</subfield></datafield><datafield ind1=" " ind2=" " tag="035"><subfield code="a">(IDSBB)006514536DSV01</subfield></datafield><datafield ind1=" " ind2=" " tag="035"><subfield code="a">(RERO)R008470877-41slsp</subfield></datafield><datafield ind1=" " ind2=" " tag="035"><subfield code="a">(OCoLC)934238691</subfield></datafield><datafield ind1=" " ind2=" " tag="035"><subfield code="a">(EXLNZ-41SLSP_NETWORK)991111062589705501</subfield></datafield><datafield ind1=" " ind2=" " tag="040"><subfield code="a">DLC</subfield><subfield code="b">ger</subfield><subfield code="e">rda</subfield><subfield code="d">CH-ZuSLS</subfield></datafield><datafield ind1="0" ind2=" " tag="041"><subfield code="a">eng</subfield></datafield><datafield ind1=" " ind2=" " tag="042"><subfield code="a">pcc</subfield></datafield><datafield ind1=" " ind2=" " tag="043"><subfield code="a">f-ua---</subfield></datafield><datafield ind1="0" ind2="0" tag="050"><subfield code="a">PJ7760.S53</subfield><subfield code="b">B53 2016</subfield></datafield><datafield ind1=" " ind2="7" tag="072"><subfield code="a">ap</subfield><subfield code="2">SzZuIDS BS/BE</subfield></datafield><datafield ind1=" " ind2="7" tag="072"><subfield code="a">sm</subfield><subfield code="2">rero</subfield></datafield><datafield ind1="0" ind2="0" tag="082"><subfield code="a">398.20962</subfield><subfield code="2">23</subfield></datafield><datafield ind1="1" ind2="4" tag="082"><subfield code="a">892.7</subfield><subfield code="2">15</subfield></datafield><datafield ind1="1" ind2=" " tag="100"><subfield code="a">Blatherwick, Helen</subfield><subfield code="0">(DE-588)1103813919</subfield><subfield code="e">Verfasser</subfield><subfield code="4">aut</subfield><subfield code="6">880-01</subfield></datafield><datafield ind1="1" ind2=" " tag="880"><subfield code="6">100-01</subfield><subfield code="a">Blatherwick, Helen</subfield><subfield code="d">19..-....</subfield><subfield code="0">(IDREF)197708153</subfield><subfield code="4">cre</subfield></datafield><datafield ind1="1" ind2="0" tag="245"><subfield code="a">Prophets, gods and kings in Sīrat Sayf ibn Dhī Yazan</subfield><subfield code="b">an intertextual reading of an Egyptian popular epic</subfield><subfield code="c">by Helen Blatherwick</subfield></datafield><datafield ind1=" " ind2="1" tag="264"><subfield code="a">Leiden</subfield><subfield code="b">Brill</subfield><subfield code="c">[2016]</subfield></datafield><datafield ind1=" " ind2=" " tag="300"><subfield code="a">335 pages</subfield><subfield code="b">illustration</subfield><subfield code="c">25 cm</subfield></datafield><datafield ind1=" " ind2=" " tag="336"><subfield code="b">txt</subfield><subfield code="2">rdacontent</subfield></datafield><datafield ind1=" " ind2=" " tag="337"><subfield code="b">n</subfield><subfield code="2">rdamedia</subfield></datafield><datafield ind1=" " ind2=" " tag="338"><subfield code="b">nc</subfield><subfield code="2">rdacarrier</subfield></datafield><datafield ind1="1" ind2=" " tag="490"><subfield code="a">Brill Studies in Middle Eastern literatures</subfield><subfield code="v">volume 38</subfield></datafield><datafield ind1=" " ind2=" " tag="502"><subfield code="g">Revised and expanded version of</subfield><subfield code="b">Dissertation</subfield><subfield code="c">University of London</subfield><subfield code="d">2002</subfield></datafield><datafield ind1=" " ind2=" " tag="504"><subfield code="a">Includes bibliographical references (pages 300-321) and index</subfield></datafield><datafield ind1="0" ind2="0" tag="600"><subfield code="a">Alexander</subfield><subfield code="c">the Great</subfield><subfield code="d">356 B.C.-323 B.C.</subfield><subfield code="v">Romances</subfield><subfield code="x">History and criticism</subfield></datafield><datafield ind1="0" ind2="7" tag="600"><subfield code="a">Alexander</subfield><subfield code="c">the Great</subfield><subfield code="d">356 B.C.-323 B.C.</subfield><subfield code="2">fast</subfield></datafield><datafield ind1="0" ind2="0" tag="630"><subfield code="a">Sīrat Sayf ibn Dhī Yazan</subfield></datafield><datafield ind1="0" ind2="7" tag="630"><subfield code="a">Sīrat Sayf ibn Dhī Yazan</subfield><subfield code="2">fast</subfield></datafield><datafield ind1="0" ind2="7" tag="630"><subfield code="a">Sīrat Saif Ibn-Ḏī-Yazan</subfield><subfield code="0">(DE-588)4468152-5</subfield><subfield code="2">gnd</subfield></datafield><datafield ind1=" " ind2="7" tag="650"><subfield code="a">Arabisch</subfield><subfield code="0">(DE-588)4241223-7</subfield><subfield code="2">gnd</subfield></datafield><datafield ind1=" " ind2="7" tag="650"><subfield code="a">Volksepos</subfield><subfield code="0">(DE-588)4360134-0</subfield><subfield code="2">gnd</subfield></datafield><datafield ind1=" " ind2="0" tag="650"><subfield code="a">Prophets in literature</subfield></datafield><datafield ind1=" " ind2="0" tag="650"><subfield code="a">Gods in literature</subfield></datafield><datafield ind1=" " ind2="0" tag="650"><subfield code="a">Kings and rulers in literature</subfield></datafield><datafield ind1=" " ind2="0" tag="650"><subfield code="a">Folk literature, Arabic</subfield><subfield code="z">Egypt</subfield><subfield code="x">History and criticism</subfield></datafield><datafield ind1=" " ind2="7" tag="650"><subfield code="a">Folk literature, Arabic</subfield><subfield code="2">fast</subfield></datafield><datafield ind1=" " ind2="7" tag="650"><subfield code="a">Gods in literature</subfield><subfield code="2">fast</subfield></datafield><datafield ind1=" " ind2="7" tag="650"><subfield code="a">Kings and rulers in literature</subfield><subfield code="2">fast</subfield></datafield><datafield ind1=" " ind2="7" tag="650"><subfield code="a">Prophets in literature</subfield><subfield code="2">fast</subfield></datafield><datafield ind1=" " ind2="7" tag="650"><subfield code="a">Littérature égyptienne de langue arabe</subfield><subfield code="0">(IDREF)027300110</subfield><subfield code="2">idref</subfield></datafield><datafield ind1=" " ind2="7" tag="650"><subfield code="a">Épopées</subfield><subfield code="0">(IDREF)027247538</subfield><subfield code="2">idref</subfield></datafield><datafield ind1=" " ind2="7" tag="650"><subfield code="a">15e siècle-16e siècle</subfield><subfield code="2">idref</subfield></datafield><datafield ind1=" " ind2="7" tag="651"><subfield code="a">Ägypten</subfield><subfield code="0">(DE-588)4000556-2</subfield><subfield code="2">gnd</subfield></datafield><datafield ind1=" " ind2="7" tag="651"><subfield code="a">Egypt</subfield><subfield code="2">fast</subfield></datafield><datafield ind1=" " ind2="7" tag="655"><subfield code="a">Criticism, interpretation, etc</subfield><subfield code="2">fast</subfield></datafield><datafield ind1=" " ind2="7" tag="655"><subfield code="a">Romances</subfield><subfield code="2">fast</subfield></datafield><datafield ind1=" " ind2="7" tag="655"><subfield code="a">Hochschulschrift</subfield><subfield code="2">gnd-content</subfield></datafield><datafield ind1="1" ind2=" " tag="700"><subfield code="a">Sayf</subfield><subfield code="c">roi du Yémen</subfield><subfield code="d">ca. 516-ca. 574</subfield></datafield><datafield ind1="1" ind2="2" tag="700"><subfield code="a">Sayf</subfield><subfield code="c">roi du Yémen</subfield><subfield code="d">ca. 516-ca. 574</subfield><subfield code="t">Sīrat</subfield></datafield><datafield ind1="4" ind2=" " tag="856"><subfield code="3">Titelblatt und Inhaltsverzeichnis</subfield><subfield code="u">https://toc.library.ethz.ch/objects/pdf03/z01_978-90-04-31479-5_01.pdf</subfield><subfield code="q">pdf</subfield></datafield><datafield ind1=" " ind2="0" tag="830"><subfield code="a">Brill studies in Middle Eastern literatures</subfield><subfield code="v">38</subfield><subfield code="w">(IDSBB)002832826DSV01</subfield></datafield><datafield ind1=" " ind2=" " tag="900"><subfield code="a">IDSZ2zbzmon201701f</subfield><subfield code="c">IDSZ2rauc</subfield><subfield code="d">IDSZ2zbzswk201701b</subfield><subfield code="e">IDSZ2brua</subfield></datafield><datafield ind1=" " ind2=" " tag="900"><subfield code="a">REROnoselfmerge</subfield></datafield><datafield ind1=" " ind2=" " tag="949"><subfield code="a">https://toc.library.ethz.ch/objects/pdf03/z01_978-90-04-31479-5_01.pdf</subfield></datafield></record>
</metadata></record>