<record><header><identifier>oai:alma.41SLSP_UGE:991000772939705502</identifier><datestamp>2024-10-02T00:13:25Z</datestamp><setSpec>UNIGE_ALL</setSpec></header><metadata>
<record xmlns="http://www.loc.gov/MARC21/slim" xmlns:xsi="http://www.w3.org/2001/XMLSchema-instance" xsi:schemaLocation="http://www.loc.gov/MARC21/slim http://www.loc.gov/standards/marcxml/schema/MARC21slim.xsd"><leader>03448njm a2200685 ca4500</leader><controlfield tag="001">991000772939705502</controlfield><controlfield tag="005">20221116130502.0</controlfield><controlfield tag="007">sd#f||g|||||||</controlfield><controlfield tag="008">201011s1997    xx ||n |            fre d</controlfield><datafield ind1=" " ind2=" " tag="019"><subfield code="a">Datenimport aus BIBDIA ZB Solothurn</subfield><subfield code="5">IDSBB/09.01.2019/A150/bmt</subfield></datafield><datafield ind1="0" ind2="2" tag="028"><subfield code="a">L'Oiseau-Lyre 455 084-2</subfield></datafield><datafield ind1="0" ind2="2" tag="028"><subfield code="a">L'oiseau-lyre 455 084-2</subfield></datafield><datafield ind1="0" ind2="2" tag="028"><subfield code="a">455084-2</subfield></datafield><datafield ind1=" " ind2=" " tag="035"><subfield code="a">(swissbib)212477692-41slsp_network</subfield></datafield><datafield ind1=" " ind2=" " tag="035"><subfield code="a">212477692</subfield><subfield code="9">ExL</subfield></datafield><datafield ind1=" " ind2=" " tag="035"><subfield code="a">(RERO)R216690760-41slsp</subfield></datafield><datafield ind1=" " ind2=" " tag="035"><subfield code="a">(IDSLU)001168818ILU01</subfield></datafield><datafield ind1=" " ind2=" " tag="035"><subfield code="a">(IDSBB)006944473DSV01</subfield></datafield><datafield ind1=" " ind2=" " tag="035"><subfield code="a">(IDSBB)001919214DSV01</subfield></datafield><datafield ind1=" " ind2=" " tag="035"><subfield code="a">(EXLNZ-41SLSP_NETWORK)991128229539705501</subfield></datafield><datafield ind1=" " ind2=" " tag="040"><subfield code="a">RERO labcur</subfield><subfield code="d">CH-ZuSLS</subfield></datafield><datafield ind1=" " ind2="7" tag="072"><subfield code="a">mu</subfield><subfield code="2">rero</subfield></datafield><datafield ind1=" " ind2="7" tag="072"><subfield code="a">480</subfield><subfield code="2">IDS LU</subfield></datafield><datafield ind1=" " ind2="7" tag="072"><subfield code="a">mu</subfield><subfield code="2">SzZuIDS BS/BE</subfield></datafield><datafield ind1="1" ind2="4" tag="082"><subfield code="a">780</subfield><subfield code="2">15</subfield></datafield><datafield ind1="1" ind2=" " tag="100"><subfield code="6">880-01</subfield><subfield code="a">Mondonville, Jean-Joseph Cassanéa de</subfield><subfield code="d">1711-1772</subfield><subfield code="0">(IDREF)027034208</subfield><subfield code="4">cre</subfield></datafield><datafield ind1="1" ind2=" " tag="880"><subfield code="a">Mondonville, Jean-Joseph Cassanéa &lt;&lt;de&gt;&gt;</subfield><subfield code="d">1711-1772</subfield><subfield code="6">100-01</subfield><subfield code="0">(DE-588)118641131</subfield></datafield><datafield ind1="1" ind2="0" tag="240"><subfield code="a">&lt;&lt;Les&gt;&gt; fêtes de Paphos</subfield></datafield><datafield ind1="1" ind2="0" tag="245"><subfield code="a">&lt;&lt;Les&gt;&gt; fêtes de Paphos</subfield><subfield code="c">Mondonville</subfield></datafield><datafield ind1=" " ind2="1" tag="264"><subfield code="a">[Lieu de publication non identifié]</subfield><subfield code="b">L'Oiseau-Lyre</subfield><subfield code="c">P 1997</subfield></datafield><datafield ind1=" " ind2=" " tag="300"><subfield code="a">3 disques compacts en 1 coffret</subfield><subfield code="b">stéréo (DDD)</subfield><subfield code="c">12 cm</subfield><subfield code="e">1 livret</subfield></datafield><datafield ind1=" " ind2=" " tag="336"><subfield code="b">prm</subfield><subfield code="2">rdacontent</subfield></datafield><datafield ind1=" " ind2=" " tag="337"><subfield code="b">s</subfield><subfield code="2">rdamedia</subfield></datafield><datafield ind1=" " ind2=" " tag="338"><subfield code="b">sd</subfield><subfield code="2">rdacarrier</subfield></datafield><datafield ind1="0" ind2=" " tag="490"><subfield code="a">Editions de l'Oiseau-Lyre</subfield></datafield><datafield ind1=" " ind2=" " tag="500"><subfield code="a">Aufnahme: 1996</subfield></datafield><datafield ind1="0" ind2=" " tag="511"><subfield code="a">Rousset, Christophe (direction) ; Piau, Sandrine (soprano, Aglaé) ; Gens, Véronique (soprano, Vénus) ; Mellon, Agnès (soprano, Psyché) ; Fouchecourt, Jean-Paul (ténor, Adonis) ; Lallouette, Olivier (baryton, Mars) ; Harvey, Peter (baryton, Comus) ; Talens lyriques</subfield></datafield><datafield ind1="0" ind2=" " tag="511"><subfield code="a">Interpr.: Rousset / Equilbey / Piau, Gens, Mellon, Fouchécourt, Lallouette, Harvey, Oxley / Les Talents Lyriques / Choeurs de Chambre Accentus</subfield></datafield><datafield ind1=" " ind2=" " tag="520"><subfield code="a">Les Fêtes de Paphos: Ballet héroïque en trois actes. Livret: Collet de Massine, La Bruère et Abbé de Voisenon</subfield><subfield code="5">IDSBB/?/bestub</subfield></datafield><datafield ind1=" " ind2="7" tag="655"><subfield code="a">CD</subfield><subfield code="2">gnd-carrier</subfield></datafield><datafield ind1=" " ind2=" " tag="690"><subfield code="a">Bühnenmusik / Musik zu szenischen Werken (Oper, Operette, Musical, Ballett)</subfield><subfield code="2">rzs-LB</subfield></datafield><datafield ind1=" " ind2=" " tag="690"><subfield code="a">Oper</subfield><subfield code="2">zbs-FS</subfield></datafield><datafield ind1="1" ind2="2" tag="700"><subfield code="a">Mondonville, Jean Joseph Cassanea &lt;&lt;de&gt;&gt;</subfield><subfield code="d">1711-1772</subfield><subfield code="t">&lt;&lt;Les&gt;&gt; fêtes de Paphos</subfield><subfield code="0">(DE-588)1272903729</subfield></datafield><datafield ind1="1" ind2=" " tag="700"><subfield code="a">Piau, Sandrine</subfield><subfield code="d">1965-</subfield><subfield code="6">880-02</subfield><subfield code="0">(DE-588)123639182</subfield></datafield><datafield ind1="1" ind2=" " tag="880"><subfield code="6">700-02</subfield><subfield code="a">Piau, Sandrine</subfield><subfield code="d">1965-....</subfield><subfield code="0">(IDREF)087889102</subfield></datafield><datafield ind1="1" ind2=" " tag="700"><subfield code="a">Mellon, Agnès</subfield><subfield code="d">1958-</subfield><subfield code="6">880-03</subfield><subfield code="0">(DE-588)124334350</subfield></datafield><datafield ind1="1" ind2=" " tag="880"><subfield code="6">700-03</subfield><subfield code="a">Mellon, Agnès</subfield><subfield code="d">1958-....</subfield><subfield code="0">(IDREF)086236059</subfield></datafield><datafield ind1="1" ind2=" " tag="700"><subfield code="6">880-10</subfield><subfield code="a">Lallouette, Olivier</subfield><subfield code="d">1970-....</subfield><subfield code="0">(IDREF)15653908X</subfield></datafield><datafield ind1="1" ind2=" " tag="880"><subfield code="a">Lallouette, Olivier</subfield><subfield code="d">1960-</subfield><subfield code="6">700-10/(B</subfield><subfield code="0">(DE-588)133351742</subfield></datafield><datafield ind1="1" ind2=" " tag="700"><subfield code="6">880-05</subfield><subfield code="a">Rousset, Christophe</subfield><subfield code="d">1961-</subfield><subfield code="0">(DE-588)133351807</subfield></datafield><datafield ind1="1" ind2=" " tag="880"><subfield code="6">700-05</subfield><subfield code="a">Rousset, Christophe</subfield><subfield code="d">1961-....</subfield><subfield code="0">(IDREF)059149779</subfield></datafield><datafield ind1="1" ind2=" " tag="700"><subfield code="a">Gens, Véronique</subfield><subfield code="d">1966-</subfield><subfield code="6">880-06</subfield><subfield code="0">(DE-588)12902967X</subfield></datafield><datafield ind1="1" ind2=" " tag="880"><subfield code="6">700-06</subfield><subfield code="a">Gens, Véronique</subfield><subfield code="d">1966-....</subfield><subfield code="0">(IDREF)074792792</subfield></datafield><datafield ind1="1" ind2=" " tag="700"><subfield code="a">Fouchécourt, Jean-Paul</subfield><subfield code="d">1958-</subfield><subfield code="6">880-07</subfield><subfield code="0">(DE-588)123642647</subfield></datafield><datafield ind1="1" ind2=" " tag="880"><subfield code="6">700-07</subfield><subfield code="a">Fouchécourt, Jean-Paul</subfield><subfield code="d">1958-....</subfield><subfield code="0">(IDREF)087885867</subfield></datafield><datafield ind1="1" ind2=" " tag="700"><subfield code="6">880-08</subfield><subfield code="a">Harvey, Peter</subfield><subfield code="d">1958-</subfield><subfield code="0">(DE-588)123720001</subfield></datafield><datafield ind1="1" ind2=" " tag="880"><subfield code="6">700-08</subfield><subfield code="a">Harvey, Peter</subfield><subfield code="c">chanteur lyrique</subfield><subfield code="d">1958-....</subfield><subfield code="0">(IDREF)07650610X</subfield></datafield><datafield ind1="2" ind2=" " tag="710"><subfield code="a">Les Talens lyriques</subfield><subfield code="g">Musikgruppe</subfield><subfield code="6">880-09</subfield><subfield code="0">(DE-588)10302124-3</subfield></datafield><datafield ind1="2" ind2=" " tag="880"><subfield code="6">710-09</subfield><subfield code="a">Les Talens lyriques</subfield><subfield code="0">(IDREF)084288205</subfield></datafield><datafield ind1=" " ind2=" " tag="900"><subfield code="a">REROnoselfmerge</subfield></datafield><datafield ind1=" " ind2=" " tag="900"><subfield code="a">IDSBBnoselfmerge</subfield></datafield><datafield ind1=" " ind2=" " tag="960"><subfield code="2">matmu</subfield><subfield code="a">France ; XVIIIe ; Classicisme ; opéras-ballets</subfield><subfield code="9">LOCAL</subfield></datafield></record>
</metadata></record>