<record><header><identifier>oai:alma.41SLSP_UGE:991000772919705502</identifier><datestamp>2023-10-26T00:42:27Z</datestamp><setSpec>uge_bcen_RapidILL_BOOK</setSpec><setSpec>uge_aaca_RapidILL_BOOK</setSpec><setSpec>uge_abels_RapidILL_BOOK</setSpec><setSpec>uge_dbu_RapidILL_BOOK</setSpec><setSpec>uge_cmu_RapidILL_BOOK</setSpec><setSpec>uge_mail_RapidILL_BOOK</setSpec><setSpec>uge_abbat_RapidILL_BOOK</setSpec><setSpec>UNIGE_ALL</setSpec><setSpec>uge_acar_RapidILL_BOOK</setSpec><setSpec>uge_aobs_RapidILL_BOOK</setSpec></header><metadata>
<record xmlns="http://www.loc.gov/MARC21/slim" xmlns:xsi="http://www.w3.org/2001/XMLSchema-instance" xsi:schemaLocation="http://www.loc.gov/MARC21/slim http://www.loc.gov/standards/marcxml/schema/MARC21slim.xsd"><leader>01836nam a2200469 c 4500</leader><controlfield tag="001">991000772919705502</controlfield><controlfield tag="005">20230331205046.0</controlfield><controlfield tag="008">201011s1991    gw ||||| m||| 00| ||ger d</controlfield><datafield ind1=" " ind2=" " tag="019"><subfield code="a">Catalogage: décrit l'ex. de thèse.</subfield><subfield code="5">RERO/19.11.1993/geubfd/yba</subfield></datafield><datafield ind1=" " ind2=" " tag="019"><subfield code="a">Fischer-Jehle, Petra (1953-) / Bähler</subfield></datafield><datafield ind1=" " ind2=" " tag="035"><subfield code="a">(swissbib)21189785X-41slsp_network</subfield></datafield><datafield ind1=" " ind2=" " tag="035"><subfield code="a">21189785X</subfield><subfield code="9">ExL</subfield></datafield><datafield ind1=" " ind2=" " tag="035"><subfield code="a">(RERO)1643295-41slsp</subfield></datafield><datafield ind1=" " ind2=" " tag="035"><subfield code="a">(NEBIS)001256370EBI01</subfield></datafield><datafield ind1=" " ind2=" " tag="035"><subfield code="a">(EXLNZ-41SLSP_NETWORK)991142020259705501</subfield></datafield><datafield ind1=" " ind2=" " tag="040"><subfield code="a">RERO neubfd</subfield><subfield code="d">CH-ZuSLS</subfield></datafield><datafield ind1=" " ind2="7" tag="072"><subfield code="a">dr</subfield><subfield code="2">rero</subfield></datafield><datafield ind1=" " ind2=" " tag="084"><subfield code="a">CA/D 91.2 h</subfield><subfield code="2">cjurrom</subfield></datafield><datafield ind1="1" ind2=" " tag="100"><subfield code="a">Fischer-Jehle, Petra</subfield><subfield code="d">1953-2023</subfield><subfield code="0">(DE-588)172075807</subfield><subfield code="6">880-01</subfield></datafield><datafield ind1="1" ind2=" " tag="880"><subfield code="a">Fischer-Jehle, Petra</subfield><subfield code="0">(RERO)A000063005</subfield><subfield code="4">cre</subfield><subfield code="6">100-01</subfield></datafield><datafield ind1="1" ind2="0" tag="245"><subfield code="a">Frauen im Strafvollzug</subfield><subfield code="b">eine empirische Untersuchung über Lebensentwicklung und Delinquenz strafgefangener Frauen</subfield><subfield code="c">von Petra Fischer-Jehle</subfield></datafield><datafield ind1=" " ind2="1" tag="264"><subfield code="a">[Lieu de publication non identifié]</subfield><subfield code="b">[éditeur non identifié]</subfield><subfield code="c">1991</subfield></datafield><datafield ind1=" " ind2="3" tag="264"><subfield code="a">Köln</subfield><subfield code="b">Kleikamp Druck</subfield></datafield><datafield ind1=" " ind2=" " tag="300"><subfield code="a">305 S.</subfield><subfield code="b">Tab.</subfield><subfield code="c">21 cm</subfield></datafield><datafield ind1=" " ind2=" " tag="336"><subfield code="b">txt</subfield><subfield code="2">rdacontent</subfield></datafield><datafield ind1=" " ind2=" " tag="337"><subfield code="b">n</subfield><subfield code="2">rdamedia</subfield></datafield><datafield ind1=" " ind2=" " tag="338"><subfield code="b">nc</subfield><subfield code="2">rdacarrier</subfield></datafield><datafield ind1=" " ind2=" " tag="502"><subfield code="a">Diss. Recht Tübingen, 1991</subfield></datafield><datafield ind1=" " ind2=" " tag="504"><subfield code="a">Bibliogr</subfield></datafield><datafield ind1=" " ind2=" " tag="504"><subfield code="a">Literaturverz.</subfield></datafield><datafield ind1=" " ind2="7" tag="650"><subfield code="a">Prisonnières</subfield><subfield code="0">(IDREF)027467783</subfield><subfield code="2">idref</subfield></datafield><datafield ind1=" " ind2="7" tag="650"><subfield code="a">Kriminalität</subfield><subfield code="2">idszbz</subfield></datafield><datafield ind1=" " ind2="7" tag="650"><subfield code="a">Weibliche Strafgefangene</subfield><subfield code="2">idszbz</subfield></datafield><datafield ind1=" " ind2="7" tag="650"><subfield code="a">Frauenstrafvollzug</subfield><subfield code="0">(DE-588)4155242-8</subfield><subfield code="2">gnd</subfield></datafield><datafield ind1=" " ind2="7" tag="650"><subfield code="a">Kriminalität</subfield><subfield code="0">(DE-588)4033178-7</subfield><subfield code="2">gnd</subfield></datafield><datafield ind1=" " ind2="7" tag="650"><subfield code="a">Soziale Situation</subfield><subfield code="0">(DE-588)4077575-6</subfield><subfield code="2">gnd</subfield></datafield><datafield ind1=" " ind2="7" tag="650"><subfield code="a">Weibliche Strafgefangene</subfield><subfield code="0">(DE-588)4135983-5</subfield><subfield code="2">gnd</subfield></datafield><datafield ind1=" " ind2="0" tag="650"><subfield code="a">Female offenders</subfield><subfield code="z">Germany (West)</subfield></datafield><datafield ind1=" " ind2="0" tag="650"><subfield code="a">Women prisoners</subfield><subfield code="z">Germany (West)</subfield></datafield><datafield ind1=" " ind2="7" tag="651"><subfield code="a">Allemagne</subfield><subfield code="0">(IDREF)027218856</subfield><subfield code="2">idref</subfield></datafield><datafield ind1=" " ind2="7" tag="651"><subfield code="a">Deutschland (BRD)</subfield><subfield code="2">idszbz</subfield></datafield><datafield ind1=" " ind2="7" tag="655"><subfield code="a">Hochschulschrift</subfield><subfield code="2">gnd-content</subfield></datafield><datafield ind1=" " ind2=" " tag="900"><subfield code="a">REROnoselfmerge</subfield></datafield></record>
</metadata></record>