<record><header><identifier>oai:alma.41SLSP_UGE:991000772719705502</identifier><datestamp>2023-03-30T00:10:35Z</datestamp><setSpec>uge_bcen_RapidILL_BOOK</setSpec><setSpec>uge_aaca_RapidILL_BOOK</setSpec><setSpec>uge_abels_RapidILL_BOOK</setSpec><setSpec>uge_dbu_RapidILL_BOOK</setSpec><setSpec>uge_cmu_RapidILL_BOOK</setSpec><setSpec>uge_mail_RapidILL_BOOK</setSpec><setSpec>uge_abbat_RapidILL_BOOK</setSpec><setSpec>UNIGE_ALL</setSpec><setSpec>uge_aobs_RapidILL_BOOK</setSpec><setSpec>uge_acar_RapidILL_BOOK</setSpec></header><metadata>
<record xmlns="http://www.loc.gov/MARC21/slim" xmlns:xsi="http://www.w3.org/2001/XMLSchema-instance" xsi:schemaLocation="http://www.loc.gov/MARC21/slim http://www.loc.gov/standards/marcxml/schema/MARC21slim.xsd"><leader>01426nam a2200385 c 4500</leader><controlfield tag="001">991000772719705502</controlfield><controlfield tag="005">20230329203311.0</controlfield><controlfield tag="008">000812s1983    xxu||||| |||| 00| ||eng d</controlfield><datafield ind1=" " ind2=" " tag="020"><subfield code="a">0716711869</subfield></datafield><datafield ind1=" " ind2=" " tag="035"><subfield code="a">(swissbib)080875726-41slsp_network</subfield></datafield><datafield ind1=" " ind2=" " tag="035"><subfield code="a">080875726</subfield><subfield code="9">ExL</subfield></datafield><datafield ind1=" " ind2=" " tag="035"><subfield code="a">(RERO)0722721-41slsp</subfield></datafield><datafield ind1=" " ind2=" " tag="035"><subfield code="a">(EXLNZ-41SLSP_NETWORK)991064078949705501</subfield></datafield><datafield ind1=" " ind2=" " tag="040"><subfield code="a">RERO lauspy</subfield><subfield code="d">CH-ZuSLS</subfield></datafield><datafield ind1=" " ind2="7" tag="072"><subfield code="a">py</subfield><subfield code="2">rero</subfield></datafield><datafield ind1=" " ind2="7" tag="072"><subfield code="a">ma</subfield><subfield code="2">rero</subfield></datafield><datafield ind1="1" ind2=" " tag="100"><subfield code="a">Mandelbrot, Benoît B.</subfield><subfield code="d">1924-2010</subfield><subfield code="0">(IDREF)027005518</subfield><subfield code="4">cre</subfield></datafield><datafield ind1="1" ind2="0" tag="245"><subfield code="a">&lt;&lt;The&gt;&gt; fractal geometry of nature</subfield><subfield code="c">Benoit B. Mandelbrot</subfield></datafield><datafield ind1=" " ind2=" " tag="250"><subfield code="a">Updated and augmented</subfield></datafield><datafield ind1=" " ind2="1" tag="264"><subfield code="a">New York</subfield><subfield code="b">W.H. Freeman</subfield><subfield code="c">[1983]</subfield></datafield><datafield ind1=" " ind2="4" tag="264"><subfield code="c">© 1983</subfield></datafield><datafield ind1=" " ind2=" " tag="300"><subfield code="a">468 p.</subfield><subfield code="b">ill.</subfield><subfield code="c">24 cm</subfield></datafield><datafield ind1=" " ind2=" " tag="336"><subfield code="b">txt</subfield><subfield code="2">rdacontent</subfield></datafield><datafield ind1=" " ind2=" " tag="337"><subfield code="b">n</subfield><subfield code="2">rdamedia</subfield></datafield><datafield ind1=" " ind2=" " tag="338"><subfield code="b">nc</subfield><subfield code="2">rdacarrier</subfield></datafield><datafield ind1=" " ind2=" " tag="504"><subfield code="a">Contient des références bibliogr. et des index</subfield></datafield><datafield ind1=" " ind2=" " tag="580"><subfield code="a">A pour suppl.: Selected works of Benoit B. Mandelbrot</subfield></datafield><datafield ind1=" " ind2="2" tag="650"><subfield code="a">Mathematics</subfield></datafield><datafield ind1=" " ind2="7" tag="650"><subfield code="a">Fractales</subfield><subfield code="0">(IDREF)027755576</subfield><subfield code="2">idref</subfield></datafield><datafield ind1=" " ind2="7" tag="650"><subfield code="a">Géométrie</subfield><subfield code="0">(IDREF)027227545</subfield><subfield code="2">idref</subfield></datafield><datafield ind1=" " ind2="7" tag="650"><subfield code="a">Modèles mathématiques</subfield><subfield code="0">(IDREF)027551385</subfield><subfield code="2">idref</subfield></datafield><datafield ind1=" " ind2="7" tag="650"><subfield code="a">Processus stochastiques</subfield><subfield code="0">(IDREF)027241300</subfield><subfield code="2">idref</subfield></datafield><datafield ind1=" " ind2="7" tag="650"><subfield code="a">Dimension, Théorie de la (topologie)</subfield><subfield code="0">(IDREF)02788452X</subfield><subfield code="2">idref</subfield></datafield><datafield ind1=" " ind2="7" tag="655"><subfield code="a">Ouvrages illustrés</subfield><subfield code="0">(IDREF)027791491</subfield><subfield code="2">idref</subfield></datafield><datafield ind1="0" ind2=" " tag="770"><subfield code="a">Mandelbrot, Benoît</subfield><subfield code="t">Selected works of Benoit B. Mandelbrot</subfield><subfield code="w">(RERO)R228637560-41slsp</subfield></datafield><datafield ind1=" " ind2=" " tag="900"><subfield code="a">REROnoselfmerge</subfield></datafield></record>
</metadata></record>