<record><header><identifier>oai:alma.41SLSP_UGE:991000773549705502</identifier><datestamp>2023-03-01T01:10:18Z</datestamp><setSpec>uge_bcen_RapidILL_BOOK</setSpec><setSpec>uge_aaca_RapidILL_BOOK</setSpec><setSpec>uge_abels_RapidILL_BOOK</setSpec><setSpec>uge_dbu_RapidILL_BOOK</setSpec><setSpec>uge_cmu_RapidILL_BOOK</setSpec><setSpec>uge_mail_RapidILL_BOOK</setSpec><setSpec>UNIGE_ALL</setSpec><setSpec>uge_abbat_RapidILL_BOOK</setSpec><setSpec>uge_aobs_RapidILL_BOOK</setSpec><setSpec>uge_acar_RapidILL_BOOK</setSpec></header><metadata>
<record xmlns="http://www.loc.gov/MARC21/slim" xmlns:xsi="http://www.w3.org/2001/XMLSchema-instance" xsi:schemaLocation="http://www.loc.gov/MARC21/slim http://www.loc.gov/standards/marcxml/schema/MARC21slim.xsd"><leader>01272nam a2200277 c 4500</leader><controlfield tag="001">991000773549705502</controlfield><controlfield tag="005">20201125195447.0</controlfield><controlfield tag="008">040304s1894    xxk||||| |||| 00| ||eng d</controlfield><datafield ind1=" " ind2=" " tag="035"><subfield code="a">(swissbib)100311288-41slsp_network</subfield></datafield><datafield ind1=" " ind2=" " tag="035"><subfield code="a">100311288</subfield><subfield code="9">ExL</subfield></datafield><datafield ind1=" " ind2=" " tag="035"><subfield code="a">(RERO)R003596033-41slsp</subfield></datafield><datafield ind1=" " ind2=" " tag="035"><subfield code="a">(EXLNZ-41SLSP_NETWORK)991046450169705501</subfield></datafield><datafield ind1=" " ind2=" " tag="040"><subfield code="a">RERO gevbpu</subfield><subfield code="d">CH-ZuSLS</subfield></datafield><datafield ind1="1" ind2=" " tag="041"><subfield code="a">eng</subfield><subfield code="h">san</subfield></datafield><datafield ind1=" " ind2="7" tag="072"><subfield code="a">or</subfield><subfield code="2">rero</subfield></datafield><datafield ind1="0" ind2="0" tag="245"><subfield code="a">Buddhist Mahāyāna Texts</subfield></datafield><datafield ind1=" " ind2="1" tag="264"><subfield code="a">Oxford</subfield><subfield code="b">Clarendon Press</subfield><subfield code="c">1894</subfield></datafield><datafield ind1=" " ind2=" " tag="300"><subfield code="a">2 t. en 1 vol.</subfield><subfield code="c">23 cm</subfield></datafield><datafield ind1=" " ind2=" " tag="336"><subfield code="b">txt</subfield><subfield code="2">rdacontent</subfield></datafield><datafield ind1=" " ind2=" " tag="337"><subfield code="b">n</subfield><subfield code="2">rdamedia</subfield></datafield><datafield ind1=" " ind2=" " tag="338"><subfield code="b">nc</subfield><subfield code="2">rdacarrier</subfield></datafield><datafield ind1="1" ind2=" " tag="490"><subfield code="a">The sacred books of the East</subfield><subfield code="v">vol. 49</subfield></datafield><datafield ind1=" " ind2=" " tag="500"><subfield code="a">Contient : Part I : The Buddha-Carita of Aśvaghosha / transl. by E.B. Cowell. Part II : The larger Sukhāvatī-Vyūha. The smaller Sukhāvatī-Vyūha. The Vajracchedikā. The larger Prajñā-Pāramitā-Hṛdaya-Sūtra / transl. by F. Max Müller. The Amitāyur-Dhyāna-Sūtra / transl. by J. Takakusu</subfield></datafield><datafield ind1="1" ind2=" " tag="700"><subfield code="a">Müller, Friedrich Max</subfield><subfield code="d">1823-1900</subfield><subfield code="0">(IDREF)030505607</subfield></datafield><datafield ind1="1" ind2=" " tag="700"><subfield code="a">Takakusu, Junjirō</subfield><subfield code="d">1866-1945</subfield><subfield code="0">(IDREF)027154033</subfield></datafield><datafield ind1=" " ind2=" " tag="830"><subfield code="a">&lt;&lt;The&gt;&gt; sacred books of the East</subfield><subfield code="p">Clarendon Press</subfield><subfield code="v">49</subfield><subfield code="w">(RERO)0716479-41slsp</subfield></datafield><datafield ind1=" " ind2=" " tag="900"><subfield code="a">REROnoselfmerge</subfield></datafield></record>
</metadata></record>