<record><header><identifier>oai:alma.41SLSP_UGE:991000773029705502</identifier><datestamp>2023-10-09T01:39:37Z</datestamp><setSpec>uge_bcen_RapidILL_BOOK</setSpec><setSpec>uge_aaca_RapidILL_BOOK</setSpec><setSpec>uge_abels_RapidILL_BOOK</setSpec><setSpec>uge_dbu_RapidILL_BOOK</setSpec><setSpec>uge_cmu_RapidILL_BOOK</setSpec><setSpec>uge_mail_RapidILL_BOOK</setSpec><setSpec>uge_abbat_RapidILL_BOOK</setSpec><setSpec>UNIGE_ALL</setSpec><setSpec>uge_aobs_RapidILL_BOOK</setSpec><setSpec>uge_acar_RapidILL_BOOK</setSpec></header><metadata>
<record xmlns="http://www.loc.gov/MARC21/slim" xmlns:xsi="http://www.w3.org/2001/XMLSchema-instance" xsi:schemaLocation="http://www.loc.gov/MARC21/slim http://www.loc.gov/standards/marcxml/schema/MARC21slim.xsd"><leader>03535nam a2200793 c 4500</leader><controlfield tag="001">991000773029705502</controlfield><controlfield tag="005">20230216204058.0</controlfield><controlfield tag="008">201012s2017    fr       ||||o000 0 fre|d</controlfield><datafield ind1=" " ind2=" " tag="015"><subfield code="a">01748167</subfield><subfield code="2">bnf</subfield></datafield><datafield ind1=" " ind2=" " tag="020"><subfield code="a">9782356131935</subfield><subfield code="q">rel</subfield></datafield><datafield ind1=" " ind2=" " tag="020"><subfield code="a">2356131930</subfield><subfield code="q">rel</subfield></datafield><datafield ind1="7" ind2=" " tag="024"><subfield code="a">http://catalogue.bnf.fr/ark:/12148/cb45329253d</subfield><subfield code="2">uri</subfield></datafield><datafield ind1=" " ind2=" " tag="035"><subfield code="a">(swissbib)237292106-41slsp_network</subfield></datafield><datafield ind1=" " ind2=" " tag="035"><subfield code="a">237292106</subfield><subfield code="9">ExL</subfield></datafield><datafield ind1=" " ind2=" " tag="035"><subfield code="a">(NEBIS)011093321EBI01</subfield></datafield><datafield ind1=" " ind2=" " tag="035"><subfield code="a">(IDSBB)006763456DSV01</subfield></datafield><datafield ind1=" " ind2=" " tag="035"><subfield code="a">(RERO)R008698790-41slsp</subfield></datafield><datafield ind1=" " ind2=" " tag="035"><subfield code="a">(OCoLC)1003142696</subfield></datafield><datafield ind1=" " ind2=" " tag="035"><subfield code="a">(OCoLC)1004330084</subfield></datafield><datafield ind1=" " ind2=" " tag="035"><subfield code="a">(EXLNZ-41SLSP_NETWORK)991091025089705501</subfield></datafield><datafield ind1=" " ind2=" " tag="040"><subfield code="a">BDF</subfield><subfield code="b">ger</subfield><subfield code="e">rda</subfield><subfield code="d">CH-ZuSLS</subfield></datafield><datafield ind1="1" ind2=" " tag="041"><subfield code="a">fre</subfield><subfield code="a">lat</subfield><subfield code="h">lat</subfield></datafield><datafield ind1=" " ind2="7" tag="072"><subfield code="a">ag</subfield><subfield code="2">SzZuIDS BS/BE</subfield></datafield><datafield ind1=" " ind2="7" tag="072"><subfield code="a">ha</subfield><subfield code="2">rero</subfield></datafield><datafield ind1="1" ind2=" " tag="080"><subfield code="a">930.271(364.2)</subfield></datafield><datafield ind1="0" ind2="4" tag="082"><subfield code="a">907.2</subfield><subfield code="2">22/ger</subfield></datafield><datafield ind1="1" ind2="4" tag="082"><subfield code="a">471.109 364</subfield><subfield code="2">23</subfield></datafield><datafield ind1="1" ind2="4" tag="082"><subfield code="a">471.109364</subfield><subfield code="2">23</subfield></datafield><datafield ind1="1" ind2="4" tag="082"><subfield code="a">470</subfield><subfield code="2">1515</subfield></datafield><datafield ind1="1" ind2="4" tag="082"><subfield code="a">870</subfield><subfield code="2">15</subfield></datafield><datafield ind1="1" ind2="4" tag="082"><subfield code="a">930</subfield><subfield code="2">15</subfield></datafield><datafield ind1=" " ind2=" " tag="084"><subfield code="a">ALT</subfield><subfield code="2">fid</subfield></datafield><datafield ind1="1" ind2=" " tag="100"><subfield code="a">Fabre, Georges</subfield><subfield code="d">1939-</subfield><subfield code="0">(DE-588)140758984</subfield><subfield code="e">Verfasser</subfield><subfield code="4">aut</subfield><subfield code="6">880-01</subfield></datafield><datafield ind1="1" ind2=" " tag="880"><subfield code="6">100-01</subfield><subfield code="a">Fabre, Georges</subfield><subfield code="d">1939-....</subfield><subfield code="0">(IDREF)026856212</subfield></datafield><datafield ind1="1" ind2="0" tag="245"><subfield code="a">Auscii</subfield><subfield code="c">Georges Fabre et Jacques Lapart ; ouvrage publié avec le concours de la région Nouvelle Aquitaine</subfield></datafield><datafield ind1="1" ind2="3" tag="246"><subfield code="a">Inscriptions latines d'Aquitaine (ILA): Auscii</subfield></datafield><datafield ind1=" " ind2="1" tag="264"><subfield code="a">Bordeaux</subfield><subfield code="b">Ausonius</subfield><subfield code="c">2017</subfield></datafield><datafield ind1=" " ind2=" " tag="300"><subfield code="a">1 vol. (232 p.)</subfield><subfield code="b">ill. en noir et en coul., cartes, plans.</subfield><subfield code="c">31 cm</subfield></datafield><datafield ind1=" " ind2=" " tag="336"><subfield code="b">txt</subfield><subfield code="2">rdacontent</subfield></datafield><datafield ind1=" " ind2=" " tag="337"><subfield code="b">n</subfield><subfield code="2">rdamedia</subfield></datafield><datafield ind1=" " ind2=" " tag="338"><subfield code="b">nc</subfield><subfield code="2">rdacarrier</subfield></datafield><datafield ind1="1" ind2=" " tag="490"><subfield code="a">Inscriptions latines d'Aquitaine</subfield><subfield code="v">9</subfield></datafield><datafield ind1=" " ind2=" " tag="500"><subfield code="a">Bibliogr. p. 195-212. Index</subfield></datafield><datafield ind1=" " ind2=" " tag="500"><subfield code="a">L'ouvrage porte par erreur : ISSN 1159-2540</subfield></datafield><datafield ind1=" " ind2=" " tag="500"><subfield code="a">Contient des inscriptions latines, suivies de leur traduction française</subfield></datafield><datafield ind1=" " ind2=" " tag="504"><subfield code="a">Literaturverzeichnis Seite [195]-212</subfield></datafield><datafield ind1=" " ind2=" " tag="504"><subfield code="a">Bibliogr. p. [195]-212. Notes bibliogr. Index</subfield></datafield><datafield ind1=" " ind2="7" tag="650"><subfield code="a">Inschrift</subfield><subfield code="0">(DE-588)4027107-9</subfield><subfield code="2">gnd</subfield></datafield><datafield ind1=" " ind2="7" tag="650"><subfield code="a">Latein</subfield><subfield code="0">(DE-588)4114364-4</subfield><subfield code="2">gnd</subfield></datafield><datafield ind1=" " ind2="7" tag="650"><subfield code="a">Inscriptions latines</subfield><subfield code="z">France</subfield><subfield code="z">Auch (Gers)</subfield><subfield code="x">Inventaires</subfield><subfield code="2">ram</subfield></datafield><datafield ind1=" " ind2="7" tag="650"><subfield code="a">Inscriptions latines</subfield><subfield code="0">(IDREF)027278212</subfield><subfield code="2">idref</subfield></datafield><datafield ind1=" " ind2="7" tag="651"><subfield code="a">Auch</subfield><subfield code="g">Stadt</subfield><subfield code="0">(DE-588)4086090-5</subfield><subfield code="2">gnd</subfield></datafield><datafield ind1=" " ind2="7" tag="651"><subfield code="a">Auch (Gers)</subfield><subfield code="y">Antiquité</subfield><subfield code="x">Sources</subfield><subfield code="2">ram</subfield></datafield><datafield ind1=" " ind2="7" tag="651"><subfield code="a">Aquitaine (France)</subfield><subfield code="0">(IDREF)02976436X</subfield><subfield code="2">idref</subfield></datafield><datafield ind1=" " ind2="7" tag="651"><subfield code="a">Auch (France)</subfield><subfield code="0">(RERO)A010047179</subfield><subfield code="2">rero</subfield></datafield><datafield ind1=" " ind2="7" tag="655"><subfield code="a">Quelle</subfield><subfield code="2">gnd-content</subfield></datafield><datafield ind1=" " ind2="7" tag="655"><subfield code="a">Verzeichnis</subfield><subfield code="2">gnd-content</subfield></datafield><datafield ind1="1" ind2=" " tag="700"><subfield code="a">Lapart, Jacques</subfield><subfield code="0">(DE-588)188489797</subfield><subfield code="e">Verfasser</subfield><subfield code="4">aut</subfield><subfield code="6">880-02</subfield></datafield><datafield ind1="1" ind2=" " tag="880"><subfield code="6">700-02</subfield><subfield code="a">Lapart, Jacques</subfield><subfield code="d">19..-....</subfield><subfield code="0">(IDREF)029416590</subfield></datafield><datafield ind1=" " ind2=" " tag="751"><subfield code="a">Nouvelle-Aquitaine</subfield><subfield code="0">(DE-588)1153168170</subfield></datafield><datafield ind1="4" ind2=" " tag="856"><subfield code="u">http://bvbr.bib-bvb.de:8991/F?func=service&amp;doc_library=BVB01&amp;local_base=BVB01&amp;doc_number=029888711&amp;sequence=000003&amp;line_number=0002&amp;func_code=DB_RECORDS&amp;service_type=MEDIA</subfield><subfield code="z">Klappentext</subfield></datafield><datafield ind1="4" ind2=" " tag="856"><subfield code="u">http://bvbr.bib-bvb.de:8991/F?func=service&amp;doc_library=BVB01&amp;local_base=BVB01&amp;doc_number=029888711&amp;sequence=000005&amp;line_number=0003&amp;func_code=DB_RECORDS&amp;service_type=MEDIA</subfield><subfield code="z">Buchcover</subfield></datafield><datafield ind1="4" ind2=" " tag="856"><subfield code="3">Titelblatt und Inhaltsverzeichnis</subfield><subfield code="u">https://toc.library.ethz.ch/objects/pdf03/z03_978-2-35613-193-5_01.pdf</subfield><subfield code="q">pdf</subfield></datafield><datafield ind1=" " ind2=" " tag="830"><subfield code="a">Inscriptions latines d'Aquitaine (I.L.A.)</subfield><subfield code="v">9</subfield><subfield code="w">(RERO)1489549-41slsp</subfield></datafield><datafield ind1=" " ind2=" " tag="830"><subfield code="a">Inscriptions latines d'Aquitaine (ILA)</subfield><subfield code="v">9</subfield><subfield code="w">(NEBIS)006416532EBI01</subfield></datafield><datafield ind1=" " ind2=" " tag="830"><subfield code="a">Inscriptions latines d'Aquitaine (I.L.A.)</subfield><subfield code="v">9</subfield><subfield code="w">(IDSBB)000545284DSV01</subfield></datafield><datafield ind1=" " ind2=" " tag="900"><subfield code="a">IDSZ2zbzmon201905l</subfield><subfield code="c">IDSZ2rusc</subfield></datafield><datafield ind1=" " ind2=" " tag="900"><subfield code="a">REROnoselfmerge</subfield></datafield><datafield ind1=" " ind2=" " tag="910"><subfield code="a">OCoLC</subfield><subfield code="b">20170908</subfield><subfield code="c">Droits réservés</subfield></datafield><datafield ind1=" " ind2=" " tag="949"><subfield code="a">https://toc.library.ethz.ch/objects/pdf03/z03_978-2-35613-193-5_01.pdf</subfield></datafield></record>
</metadata></record>