<record><header><identifier>oai:alma.41SLSP_UGE:991000773689705502</identifier><datestamp>2024-07-15T01:15:32Z</datestamp><setSpec>uge_bcen_RapidILL_BOOK</setSpec><setSpec>uge_aaca_RapidILL_BOOK</setSpec><setSpec>uge_abels_RapidILL_BOOK</setSpec><setSpec>uge_dbu_RapidILL_BOOK</setSpec><setSpec>uge_cmu_RapidILL_BOOK</setSpec><setSpec>uge_mail_RapidILL_BOOK</setSpec><setSpec>uge_abbat_RapidILL_BOOK</setSpec><setSpec>UNIGE_ALL</setSpec><setSpec>uge_acar_RapidILL_BOOK</setSpec><setSpec>uge_aobs_RapidILL_BOOK</setSpec></header><metadata>
<record xmlns="http://www.loc.gov/MARC21/slim" xmlns:xsi="http://www.w3.org/2001/XMLSchema-instance" xsi:schemaLocation="http://www.loc.gov/MARC21/slim http://www.loc.gov/standards/marcxml/schema/MARC21slim.xsd"><leader>02909nam a2200517 c 4500</leader><controlfield tag="001">991000773689705502</controlfield><controlfield tag="005">20230413175325.0</controlfield><controlfield tag="008">201012s1988    fr ||||| |||| 00| ||fre d</controlfield><datafield ind1=" " ind2=" " tag="020"><subfield code="a">2901161324</subfield></datafield><datafield ind1=" " ind2=" " tag="035"><subfield code="a">(swissbib)240341872-41slsp_network</subfield></datafield><datafield ind1=" " ind2=" " tag="035"><subfield code="a">240341872</subfield><subfield code="9">ExL</subfield></datafield><datafield ind1=" " ind2=" " tag="035"><subfield code="a">(RERO)2223726-41slsp</subfield></datafield><datafield ind1=" " ind2=" " tag="035"><subfield code="a">(NEBIS)007820328EBI01</subfield></datafield><datafield ind1=" " ind2=" " tag="035"><subfield code="a">(EXLNZ-41SLSP_NETWORK)991098401009705501</subfield></datafield><datafield ind1=" " ind2=" " tag="040"><subfield code="a">RERO geulcj</subfield><subfield code="d">CH-ZuSLS</subfield></datafield><datafield ind1=" " ind2="7" tag="072"><subfield code="a">et</subfield><subfield code="2">rero</subfield></datafield><datafield ind1=" " ind2="7" tag="072"><subfield code="a">or</subfield><subfield code="2">rero</subfield></datafield><datafield ind1="1" ind2=" " tag="100"><subfield code="a">Baptandier Berthier, Brigitte</subfield><subfield code="d">1948-....</subfield><subfield code="0">(IDREF)029475511</subfield><subfield code="4">cre</subfield></datafield><datafield ind1="1" ind2="0" tag="245"><subfield code="a">&lt;&lt;La&gt;&gt; dame-du-bord-de-l'eau</subfield><subfield code="c">par Brigitte Berthier</subfield></datafield><datafield ind1=" " ind2="1" tag="264"><subfield code="a">Nanterre</subfield><subfield code="b">Société d'Ethnologie</subfield><subfield code="c">1988</subfield></datafield><datafield ind1=" " ind2=" " tag="300"><subfield code="a">311 p.</subfield><subfield code="b">ill.</subfield><subfield code="c">24 cm</subfield></datafield><datafield ind1=" " ind2=" " tag="336"><subfield code="b">txt</subfield><subfield code="2">rdacontent</subfield></datafield><datafield ind1=" " ind2=" " tag="337"><subfield code="b">n</subfield><subfield code="2">rdamedia</subfield></datafield><datafield ind1=" " ind2=" " tag="338"><subfield code="b">nc</subfield><subfield code="2">rdacarrier</subfield></datafield><datafield ind1="1" ind2=" " tag="490"><subfield code="a">Publications du Laboratoire d'ethnologie et de sociologie comparative, Université de Paris X. Recherches sur la haute Asie</subfield><subfield code="v">8</subfield></datafield><datafield ind1=" " ind2=" " tag="504"><subfield code="a">Bibliogr.: p. 297-304</subfield></datafield><datafield ind1="0" ind2=" " tag="505"><subfield code="a">Synopsis de la légende. I. La légende. Les catégories de sexe. La déesse de la maternité avorte et retourne au Lüshan. Le Pont-des-cent-fleurs. Le Singe Nuage-de-cinabre. Nourrices et médiums. Le dieu du sol et la Dame-du-registre-des-naissances. Les femmes et le temple - Le Palanquin-des-Fleurs. Les enfants et le temple - Les guan. II. Le temple. Rituels des fleurs et des guan. La médium de Chen Jingsu.</subfield></datafield><datafield ind1="8" ind2=" " tag="520"><subfield code="a">4e de couv.: Le mythe et le culte de la dame-du-bord-de-l'eau sont une expression de la religion populaire &quot;chamanique&quot; de la Chine du Sud, et plus particulièrement de la province du Fujian. L'histoire de cette femme, chamane puis déesse, nous fait entrevoir une conception chinoise originale de la féminité. Cet ouvrage étudie et relate les relations entre chamanisme et féminité dans ce culte particulier observé à Taiwan où il a émigré.</subfield><subfield code="5">RERO/neueth/03.2015</subfield></datafield><datafield ind1="1" ind2="7" tag="600"><subfield code="a">Chen, Jinggu</subfield><subfield code="0">(RERO)A026130911</subfield><subfield code="2">rero</subfield></datafield><datafield ind1="0" ind2="7" tag="630"><subfield code="a">Linshui pingyao</subfield><subfield code="0">(IDREF)030081661</subfield><subfield code="2">idref</subfield></datafield><datafield ind1=" " ind2="7" tag="650"><subfield code="a">Chamanisme</subfield><subfield code="0">(IDREF)027222381</subfield><subfield code="2">idref</subfield></datafield><datafield ind1=" " ind2="7" tag="650"><subfield code="a">Féminité</subfield><subfield code="0">(IDREF)027458768</subfield><subfield code="2">idref</subfield></datafield><datafield ind1=" " ind2="7" tag="650"><subfield code="a">Femme (philosophie)</subfield><subfield code="0">(IDREF)027808009</subfield><subfield code="2">idref</subfield></datafield><datafield ind1=" " ind2="7" tag="650"><subfield code="a">Femmes chamanes</subfield><subfield code="0">(IDREF)061608076</subfield><subfield code="2">idref</subfield></datafield><datafield ind1=" " ind2="7" tag="650"><subfield code="a">Déesses chinoises</subfield><subfield code="0">(IDREF)139545565</subfield><subfield code="2">idref</subfield></datafield><datafield ind1=" " ind2="7" tag="650"><subfield code="a">Culte</subfield><subfield code="0">(IDREF)028629744</subfield><subfield code="2">idref</subfield></datafield><datafield ind1=" " ind2="7" tag="651"><subfield code="a">Fujian (Chine ; province)</subfield><subfield code="0">(IDREF)029857678</subfield><subfield code="2">idref</subfield></datafield><datafield ind1=" " ind2="7" tag="651"><subfield code="a">Taïwan</subfield><subfield code="0">(IDREF)027463613</subfield><subfield code="2">idref</subfield></datafield><datafield ind1=" " ind2=" " tag="690"><subfield code="a">*AD06</subfield><subfield code="d">Taiwan (1945- )</subfield><subfield code="2">uzb-UI</subfield></datafield><datafield ind1=" " ind2=" " tag="690"><subfield code="a">562</subfield><subfield code="d">Sex status - Geschlechterrollen</subfield><subfield code="2">uzb-UI</subfield></datafield><datafield ind1=" " ind2=" " tag="690"><subfield code="a">755</subfield><subfield code="d">Magical and mental therapy - magische und mentale Therapie</subfield><subfield code="2">uzb-UI</subfield></datafield><datafield ind1=" " ind2=" " tag="690"><subfield code="a">773</subfield><subfield code="d">Mythology - Mythologie</subfield><subfield code="2">uzb-UI</subfield></datafield><datafield ind1=" " ind2=" " tag="690"><subfield code="a">788</subfield><subfield code="d">Ritual</subfield><subfield code="2">uzb-UI</subfield></datafield><datafield ind1=" " ind2=" " tag="690"><subfield code="a">858</subfield><subfield code="d">Status of children - Status der Kinder</subfield><subfield code="2">uzb-UI</subfield></datafield><datafield ind1="1" ind2=" " tag="700"><subfield code="a">Baptandier, Brigitte</subfield><subfield code="d">1948-</subfield><subfield code="0">(DE-588)138880891</subfield></datafield><datafield ind1=" " ind2=" " tag="830"><subfield code="a">Recherches sur la Haute Asie</subfield><subfield code="v">8</subfield><subfield code="w">(RERO)0265720-41slsp</subfield></datafield><datafield ind1=" " ind2=" " tag="900"><subfield code="a">REROnoselfmerge</subfield></datafield></record>
</metadata></record>