<record><header><identifier>oai:alma.41SLSP_UGE:991000773169705502</identifier><datestamp>2023-03-01T01:10:18Z</datestamp><setSpec>uge_bcen_RapidILL_BOOK</setSpec><setSpec>uge_aaca_RapidILL_BOOK</setSpec><setSpec>uge_abels_RapidILL_BOOK</setSpec><setSpec>uge_dbu_RapidILL_BOOK</setSpec><setSpec>uge_cmu_RapidILL_BOOK</setSpec><setSpec>uge_mail_RapidILL_BOOK</setSpec><setSpec>UNIGE_ALL</setSpec><setSpec>uge_abbat_RapidILL_BOOK</setSpec><setSpec>uge_acar_RapidILL_BOOK</setSpec><setSpec>uge_aobs_RapidILL_BOOK</setSpec></header><metadata>
<record xmlns="http://www.loc.gov/MARC21/slim" xmlns:xsi="http://www.w3.org/2001/XMLSchema-instance" xsi:schemaLocation="http://www.loc.gov/MARC21/slim http://www.loc.gov/standards/marcxml/schema/MARC21slim.xsd"><leader>03653nam a2200733uc 4500</leader><controlfield tag="001">991000773169705502</controlfield><controlfield tag="005">20230117182204.0</controlfield><controlfield tag="008">201012t19941994gw            01| | ger d</controlfield><datafield ind1=" " ind2=" " tag="020"><subfield code="a">3740009608</subfield></datafield><datafield ind1=" " ind2=" " tag="035"><subfield code="a">(swissbib)234768886-41slsp_network</subfield></datafield><datafield ind1=" " ind2=" " tag="035"><subfield code="a">234768886</subfield><subfield code="9">ExL</subfield></datafield><datafield ind1=" " ind2=" " tag="035"><subfield code="a">(IDSBB)001119935DSV01</subfield></datafield><datafield ind1=" " ind2=" " tag="035"><subfield code="a">(NEBIS)001494314EBI01</subfield></datafield><datafield ind1=" " ind2=" " tag="035"><subfield code="a">(IDSLU)000082462ILU01</subfield></datafield><datafield ind1=" " ind2=" " tag="035"><subfield code="a">(RERO)R255161160-41slsp</subfield></datafield><datafield ind1=" " ind2=" " tag="035"><subfield code="a">(EXLNZ-41SLSP_NETWORK)991080338609705501</subfield></datafield><datafield ind1=" " ind2=" " tag="040"><subfield code="a">SzZuIDS BS/BE A100</subfield><subfield code="b">ger</subfield><subfield code="e">kids</subfield><subfield code="d">CH-ZuSLS</subfield></datafield><datafield ind1=" " ind2="7" tag="072"><subfield code="a">nd</subfield><subfield code="2">SzZuIDS BS/BE</subfield></datafield><datafield ind1=" " ind2="7" tag="072"><subfield code="a">520</subfield><subfield code="2">IDS LU</subfield></datafield><datafield ind1=" " ind2="7" tag="072"><subfield code="a">al</subfield><subfield code="2">rero</subfield></datafield><datafield ind1="1" ind2="4" tag="082"><subfield code="a">831.6</subfield><subfield code="2">22</subfield></datafield><datafield ind1="1" ind2="4" tag="082"><subfield code="a">830</subfield><subfield code="2">15</subfield></datafield><datafield ind1=" " ind2=" " tag="084"><subfield code="a">9,10</subfield><subfield code="2">ssgn</subfield></datafield><datafield ind1=" " ind2=" " tag="084"><subfield code="a">GL 7019</subfield><subfield code="2">rvk</subfield></datafield><datafield ind1="0" ind2="0" tag="245"><subfield code="a">Wilhelm Müller: eine Lebensreise</subfield><subfield code="b">zum 200. Geburtstag des Dichters</subfield><subfield code="c">hrsg. von Norbert Michels ; mit Beiträgen von Gerd Brüne ... [et al.]</subfield></datafield><datafield ind1=" " ind2="1" tag="264"><subfield code="a">Weimar</subfield><subfield code="b">Verlag Hermann Böhlaus Nachfolger</subfield><subfield code="c">[1994]</subfield></datafield><datafield ind1=" " ind2="4" tag="264"><subfield code="c">© 1994</subfield></datafield><datafield ind1=" " ind2=" " tag="300"><subfield code="a">222 S.</subfield><subfield code="b">Ill.</subfield><subfield code="c">28 cm</subfield></datafield><datafield ind1=" " ind2=" " tag="336"><subfield code="b">txt</subfield><subfield code="2">rdacontent</subfield></datafield><datafield ind1=" " ind2=" " tag="337"><subfield code="b">n</subfield><subfield code="2">rdamedia</subfield></datafield><datafield ind1=" " ind2=" " tag="338"><subfield code="b">nc</subfield><subfield code="2">rdacarrier</subfield></datafield><datafield ind1="1" ind2=" " tag="490"><subfield code="a">Kataloge der Anhaltischen Gemäldegalerie Dessau</subfield><subfield code="v">Bd. 1</subfield></datafield><datafield ind1=" " ind2=" " tag="500"><subfield code="a">Enthält u.a. den Katalog einer Ausstellung der Anhaltischen Gemäldegalerie ... et al., in Dessau vom 2.10.-20.11.1994</subfield></datafield><datafield ind1=" " ind2=" " tag="500"><subfield code="a">Eine Ausstellung der Anhaltischen Gemäldegalerie Dessau, in Zsarb. mit der Anhaltischen Landesbücherei Dessau ...</subfield></datafield><datafield ind1=" " ind2=" " tag="500"><subfield code="a">Eine Ausstellung der Anhaltischen Gemäldegalerie Dessau in Zusammenarb. mit der Anhaltischen Landesbücherei Dessau, dem Museum Schloss Mosigkau, dem Museum für Stadtgeschichte und dem Stadtarchiv Dessau ; Anhaltische Gemäldegalerie Dessau, 2. Oktober bis 20. November 1994</subfield></datafield><datafield ind1=" " ind2=" " tag="500"><subfield code="a">Exposition. Dessau. Anhaltische Gemäldegalerie. 1994</subfield></datafield><datafield ind1=" " ind2=" " tag="504"><subfield code="a">Literaturverz.</subfield></datafield><datafield ind1="1" ind2="7" tag="600"><subfield code="a">Müller, Wilhelm</subfield><subfield code="2">idsbb</subfield></datafield><datafield ind1="1" ind2="7" tag="600"><subfield code="a">Müller, Wilhelm</subfield><subfield code="d">1794-1827</subfield><subfield code="0">(DE-588)11858524X</subfield><subfield code="2">gnd</subfield></datafield><datafield ind1="1" ind2="7" tag="600"><subfield code="a">Müller, Wilhelm</subfield><subfield code="2">idszbz</subfield></datafield><datafield ind1="1" ind2="0" tag="600"><subfield code="a">Müller, Wilhelm</subfield><subfield code="c">poète allemand</subfield><subfield code="d">1794-1827</subfield></datafield><datafield ind1="1" ind2="0" tag="600"><subfield code="a">Müller, Wilhelm</subfield><subfield code="d">1794-1827</subfield><subfield code="v">Exhibitions</subfield></datafield><datafield ind1="1" ind2="7" tag="600"><subfield code="a">Müller, Wilhelm</subfield><subfield code="c">poète allemand</subfield><subfield code="d">1794-1827</subfield><subfield code="0">(IDREF)027724298</subfield><subfield code="2">idref</subfield></datafield><datafield ind1=" " ind2="7" tag="650"><subfield code="a">Ausstellung</subfield><subfield code="0">(DE-588)4129601-1</subfield><subfield code="2">gnd</subfield></datafield><datafield ind1=" " ind2="0" tag="650"><subfield code="a">Authors, German</subfield><subfield code="y">19th century</subfield><subfield code="v">Biography</subfield><subfield code="v">Exhibitions</subfield></datafield><datafield ind1=" " ind2="7" tag="655"><subfield code="a">Ausstellungskatalog</subfield><subfield code="z">Dessau</subfield><subfield code="y">1994</subfield><subfield code="2">gnd-content</subfield></datafield><datafield ind1=" " ind2="7" tag="655"><subfield code="a">Festschrift</subfield><subfield code="2">gnd-content</subfield></datafield><datafield ind1=" " ind2="7" tag="655"><subfield code="a">Ausstellung</subfield><subfield code="2">idszbz</subfield></datafield><datafield ind1=" " ind2="7" tag="655"><subfield code="a">Ausstellungskatalog</subfield><subfield code="z">Dessau</subfield><subfield code="y">1994/10</subfield><subfield code="b">1994/11</subfield><subfield code="2">gnd-content</subfield></datafield><datafield ind1=" " ind2="7" tag="655"><subfield code="a">Catalogues d'exposition</subfield><subfield code="0">(IDREF)027320456</subfield><subfield code="2">idref</subfield></datafield><datafield ind1=" " ind2=" " tag="690"><subfield code="a">Müller, Wilhelm</subfield><subfield code="2">ubs-A5</subfield></datafield><datafield ind1=" " ind2=" " tag="690"><subfield code="a">Müller, Wilhelm, B: Biographie &amp; Werk. Ausstellungskatalog</subfield><subfield code="2">rzs-L1</subfield></datafield><datafield ind1="1" ind2=" " tag="700"><subfield code="a">Müller, Wilhelm</subfield><subfield code="d">1794-1827</subfield><subfield code="0">(DE-588)11858524X</subfield></datafield><datafield ind1="1" ind2=" " tag="700"><subfield code="a">Brüne, Gerd</subfield><subfield code="0">(RERO)A003052947</subfield></datafield><datafield ind1="1" ind2=" " tag="700"><subfield code="a">Michels, Norbert</subfield><subfield code="0">(DE-588)1056605316</subfield><subfield code="6">880-04</subfield></datafield><datafield ind1="1" ind2=" " tag="880"><subfield code="6">700-04</subfield><subfield code="a">Michels, Norbert</subfield><subfield code="d">19..-....</subfield><subfield code="0">(IDREF)031418430</subfield></datafield><datafield ind1="2" ind2=" " tag="710"><subfield code="a">Staatliches Museum Schloss Mosigkau</subfield><subfield code="b">Gemäldegalerie</subfield><subfield code="0">(DE-588)2106804-5</subfield></datafield><datafield ind1="2" ind2=" " tag="710"><subfield code="a">Anhaltische Gemäldegalerie Dessau</subfield><subfield code="0">(DE-588)2140167-6</subfield></datafield><datafield ind1="2" ind2=" " tag="711"><subfield code="a">Wilhelm Müller</subfield><subfield code="d">1994</subfield><subfield code="c">Dessau</subfield><subfield code="0">(DE-588)1091406804</subfield></datafield><datafield ind1="4" ind2=" " tag="856"><subfield code="3">Inhaltsverzeichnis</subfield><subfield code="u">http://www.ub.unibas.ch/tox/HBZ/HT006468883/PDF</subfield><subfield code="q">pdf</subfield></datafield><datafield ind1=" " ind2=" " tag="830"><subfield code="a">Kataloge der Anhaltischen Gemäldegalerie Dessau</subfield><subfield code="v">1</subfield><subfield code="w">(IDSBB)001119930DSV01</subfield></datafield><datafield ind1=" " ind2=" " tag="830"><subfield code="a">Kataloge der Anhaltischen Gemäldegalerie Dessau</subfield><subfield code="v">1</subfield><subfield code="w">(NEBIS)001407174EBI01</subfield></datafield><datafield ind1=" " ind2=" " tag="830"><subfield code="a">Kataloge der Anhaltischen Gemäldegalerie Dessau</subfield><subfield code="v">1</subfield><subfield code="w">(IDSLU)000211737ILU01</subfield></datafield><datafield ind1=" " ind2=" " tag="900"><subfield code="a">REROnoselfmerge</subfield></datafield><datafield ind1=" " ind2=" " tag="949"><subfield code="a">http://www.ub.unibas.ch/tox/HBZ/HT006468883/PDF</subfield></datafield></record>
</metadata></record>