<record><header><identifier>oai:alma.41SLSP_UGE:991000772749705502</identifier><datestamp>2024-07-27T01:25:55Z</datestamp><setSpec>uge_bcen_RapidILL_BOOK</setSpec><setSpec>uge_aaca_RapidILL_BOOK</setSpec><setSpec>uge_abels_RapidILL_BOOK</setSpec><setSpec>uge_dbu_RapidILL_BOOK</setSpec><setSpec>uge_cmu_RapidILL_BOOK</setSpec><setSpec>uge_mail_RapidILL_BOOK</setSpec><setSpec>uge_abbat_RapidILL_BOOK</setSpec><setSpec>UNIGE_ALL</setSpec><setSpec>uge_acar_RapidILL_BOOK</setSpec><setSpec>uge_aobs_RapidILL_BOOK</setSpec></header><metadata>
<record xmlns="http://www.loc.gov/MARC21/slim" xmlns:xsi="http://www.w3.org/2001/XMLSchema-instance" xsi:schemaLocation="http://www.loc.gov/MARC21/slim http://www.loc.gov/standards/marcxml/schema/MARC21slim.xsd"><leader>01898nam a2200505uc 4500</leader><controlfield tag="001">991000772749705502</controlfield><controlfield tag="005">20211110223325.0</controlfield><controlfield tag="008">201011s1991    it ||||| |||| 00| ||ita d</controlfield><datafield ind1=" " ind2=" " tag="020"><subfield code="a">8877680660</subfield><subfield code="q">custodia</subfield></datafield><datafield ind1=" " ind2=" " tag="035"><subfield code="a">(swissbib)21338650X-41slsp_network</subfield></datafield><datafield ind1=" " ind2=" " tag="035"><subfield code="a">21338650X</subfield><subfield code="9">ExL</subfield></datafield><datafield ind1=" " ind2=" " tag="035"><subfield code="a">(IDSBB)000812291DSV01</subfield></datafield><datafield ind1=" " ind2=" " tag="035"><subfield code="a">(RERO)1472923-41slsp</subfield></datafield><datafield ind1=" " ind2=" " tag="035"><subfield code="a">(NEBIS)001288764EBI01</subfield></datafield><datafield ind1=" " ind2=" " tag="035"><subfield code="a">(SBT)000012177SBT01</subfield></datafield><datafield ind1=" " ind2=" " tag="035"><subfield code="a">(EXLNZ-41SLSP_NETWORK)991036744229705501</subfield></datafield><datafield ind1=" " ind2=" " tag="040"><subfield code="a">SzZuIDS BS/BE A242</subfield><subfield code="b">ger</subfield><subfield code="e">kids</subfield><subfield code="d">CH-ZuSLS</subfield></datafield><datafield ind1=" " ind2="7" tag="072"><subfield code="a">it</subfield><subfield code="2">SzZuIDS BS/BE</subfield></datafield><datafield ind1=" " ind2="7" tag="072"><subfield code="a">it</subfield><subfield code="2">rero</subfield></datafield><datafield ind1="0" ind2="4" tag="082"><subfield code="a">851.914</subfield><subfield code="2">20</subfield></datafield><datafield ind1="0" ind2="4" tag="082"><subfield code="a">851.912</subfield></datafield><datafield ind1="1" ind2="4" tag="082"><subfield code="a">851.91</subfield><subfield code="2">22</subfield></datafield><datafield ind1="1" ind2=" " tag="100"><subfield code="a">Isella, Dante</subfield><subfield code="d">1922-2007</subfield><subfield code="0">(DE-588)119336324</subfield><subfield code="6">880-01</subfield></datafield><datafield ind1="1" ind2=" " tag="880"><subfield code="6">100-01</subfield><subfield code="a">Isella, Dante</subfield><subfield code="d">1922-2007</subfield><subfield code="0">(IDREF)28402049</subfield><subfield code="4">cre</subfield></datafield><datafield ind1="1" ind2="0" tag="245"><subfield code="a">Giornale di &quot;Frontiera&quot;</subfield><subfield code="c">Dante Isella</subfield></datafield><datafield ind1="1" ind2=" " tag="246"><subfield code="a">Frontiera</subfield></datafield><datafield ind1=" " ind2="1" tag="264"><subfield code="a">Milano</subfield><subfield code="b">Rosellina Archinto</subfield><subfield code="c">1991</subfield></datafield><datafield ind1=" " ind2=" " tag="300"><subfield code="a">62 S.</subfield><subfield code="c">19 cm</subfield></datafield><datafield ind1=" " ind2=" " tag="336"><subfield code="b">txt</subfield><subfield code="2">rdacontent</subfield></datafield><datafield ind1=" " ind2=" " tag="337"><subfield code="b">n</subfield><subfield code="2">rdamedia</subfield></datafield><datafield ind1=" " ind2=" " tag="338"><subfield code="b">nc</subfield><subfield code="2">rdacarrier</subfield></datafield><datafield ind1=" " ind2=" " tag="500"><subfield code="a">Enth. auch Texte von Vittorio Sereni</subfield></datafield><datafield ind1="0" ind2="0" tag="505"><subfield code="g">In suppl. un facsim. dell'ed. di</subfield><subfield code="t">Frontiera (1935-1940)</subfield><subfield code="r">Vittorio Sereni</subfield></datafield><datafield ind1=" " ind2=" " tag="534"><subfield code="c">[S.l.] : Corrente, 1941 (Edizioni di Corrente. Letteratura ; 3)</subfield></datafield><datafield ind1=" " ind2=" " tag="580"><subfield code="a">Pubbl. in una custodia assieme alla rist. anastatica di: Frontiera (1935-1940) / Vittorio Sereni</subfield></datafield><datafield ind1="1" ind2="7" tag="600"><subfield code="a">Sereni, Vittorio</subfield><subfield code="d">1913-1983</subfield><subfield code="t">Frontiera</subfield><subfield code="0">(IDREF)034324275</subfield><subfield code="2">idref</subfield></datafield><datafield ind1="1" ind2="7" tag="600"><subfield code="a">Sereni, Vittorio</subfield><subfield code="d">1913-1983</subfield><subfield code="t">Frontiera</subfield><subfield code="0">(DE-588)4627192-2</subfield><subfield code="2">gnd</subfield></datafield><datafield ind1="1" ind2="7" tag="600"><subfield code="a">Sereni, Vittorio</subfield><subfield code="2">idszbz</subfield></datafield><datafield ind1="1" ind2="0" tag="600"><subfield code="a">Sereni, Vittorio</subfield><subfield code="t">Frontiera</subfield></datafield><datafield ind1=" " ind2="7" tag="650"><subfield code="a">Werk</subfield><subfield code="2">idszbz</subfield></datafield><datafield ind1=" " ind2="7" tag="655"><subfield code="a">Aufsatzsammlung</subfield><subfield code="2">idszbz</subfield></datafield><datafield ind1=" " ind2=" " tag="691"><subfield code="e">851.914</subfield><subfield code="a">Poesia italiana, 1945-1999</subfield><subfield code="2">usi-TE</subfield></datafield><datafield ind1="1" ind2="2" tag="700"><subfield code="a">Sereni, Vittorio</subfield><subfield code="t">Frontiera (1935-1940)</subfield></datafield><datafield ind1="1" ind2=" " tag="700"><subfield code="a">Sereni, Vittorio</subfield><subfield code="d">1913-1983</subfield><subfield code="0">(DE-588)118955330</subfield></datafield><datafield ind1="0" ind2=" " tag="770"><subfield code="t">Frontiera (1935-1940)</subfield><subfield code="w">(RERO)1472913-41slsp</subfield></datafield><datafield ind1=" " ind2=" " tag="900"><subfield code="a">REROnoselfmerge</subfield></datafield><datafield ind1=" " ind2=" " tag="993"><subfield code="a">BFLA 53901</subfield><subfield code="x">ge/ulit/a/92/42</subfield><subfield code="9">LOCAL</subfield></datafield></record>
</metadata></record>