<record><header><identifier>oai:alma.41SLSP_UGE:991000773069705502</identifier><datestamp>2023-06-20T00:23:55Z</datestamp><setSpec>uge_bcen_RapidILL_BOOK</setSpec><setSpec>uge_aaca_RapidILL_BOOK</setSpec><setSpec>uge_abels_RapidILL_BOOK</setSpec><setSpec>uge_dbu_RapidILL_BOOK</setSpec><setSpec>uge_cmu_RapidILL_BOOK</setSpec><setSpec>uge_mail_RapidILL_BOOK</setSpec><setSpec>uge_abbat_RapidILL_BOOK</setSpec><setSpec>UNIGE_ALL</setSpec><setSpec>uge_acar_RapidILL_BOOK</setSpec><setSpec>uge_aobs_RapidILL_BOOK</setSpec></header><metadata>
<record xmlns="http://www.loc.gov/MARC21/slim" xmlns:xsi="http://www.w3.org/2001/XMLSchema-instance" xsi:schemaLocation="http://www.loc.gov/MARC21/slim http://www.loc.gov/standards/marcxml/schema/MARC21slim.xsd"><leader>01524nam a2200445 c 4500</leader><controlfield tag="001">991000773069705502</controlfield><controlfield tag="005">20230619194503.0</controlfield><controlfield tag="008">201011t20142014fr ||||| |||| 00| ||fre d</controlfield><datafield ind1=" " ind2=" " tag="020"><subfield code="a">2340002141</subfield></datafield><datafield ind1=" " ind2=" " tag="020"><subfield code="a">9782340002142</subfield></datafield><datafield ind1="7" ind2=" " tag="024"><subfield code="a">http://catalogue.bnf.fr/ark:/12148/cb44232721c</subfield><subfield code="2">uri</subfield></datafield><datafield ind1=" " ind2=" " tag="035"><subfield code="a">(swissbib)226427668-41slsp_network</subfield></datafield><datafield ind1=" " ind2=" " tag="035"><subfield code="a">226427668</subfield><subfield code="9">ExL</subfield></datafield><datafield ind1=" " ind2=" " tag="035"><subfield code="a">(RERO)R008208383-41slsp</subfield></datafield><datafield ind1=" " ind2=" " tag="035"><subfield code="a">(NEBIS)010382948EBI01</subfield></datafield><datafield ind1=" " ind2=" " tag="035"><subfield code="a">(OCoLC)898323104</subfield></datafield><datafield ind1=" " ind2=" " tag="035"><subfield code="a">(EXLNZ-41SLSP_NETWORK)991126381389705501</subfield></datafield><datafield ind1=" " ind2=" " tag="040"><subfield code="a">ZWZ</subfield><subfield code="d">CH-ZuSLS</subfield></datafield><datafield ind1="0" ind2=" " tag="041"><subfield code="a">fre</subfield></datafield><datafield ind1=" " ind2="0" tag="050"><subfield code="a">QA274 L47 2014</subfield></datafield><datafield ind1=" " ind2="7" tag="072"><subfield code="a">ma</subfield><subfield code="2">rero</subfield></datafield><datafield ind1="0" ind2="4" tag="082"><subfield code="a">519.23</subfield></datafield><datafield ind1=" " ind2=" " tag="084"><subfield code="a">60G</subfield><subfield code="2">msc</subfield></datafield><datafield ind1="1" ind2=" " tag="100"><subfield code="a">Lessard, Sabin</subfield><subfield code="d">1951-....</subfield><subfield code="0">(IDREF)03159087X</subfield><subfield code="4">cre</subfield></datafield><datafield ind1="1" ind2="0" tag="245"><subfield code="a">Processus stochastiques</subfield><subfield code="b">cours et exercices corrigés</subfield><subfield code="c">Sabin Lessard</subfield></datafield><datafield ind1=" " ind2="1" tag="264"><subfield code="a">Paris</subfield><subfield code="b">Ellipses</subfield><subfield code="c">[2014]</subfield></datafield><datafield ind1=" " ind2="4" tag="264"><subfield code="c">©2014</subfield></datafield><datafield ind1=" " ind2=" " tag="300"><subfield code="a">XIII-267p.</subfield><subfield code="b">couv. ill. en coul.</subfield><subfield code="c">24 cm</subfield></datafield><datafield ind1=" " ind2=" " tag="336"><subfield code="b">txt</subfield><subfield code="2">rdacontent</subfield></datafield><datafield ind1=" " ind2=" " tag="337"><subfield code="b">n</subfield><subfield code="2">rdamedia</subfield></datafield><datafield ind1=" " ind2=" " tag="338"><subfield code="b">nc</subfield><subfield code="2">rdacarrier</subfield></datafield><datafield ind1="0" ind2=" " tag="490"><subfield code="a">Références sciences</subfield></datafield><datafield ind1=" " ind2=" " tag="504"><subfield code="a">Bibliogr. p. [263]-264. Index</subfield></datafield><datafield ind1=" " ind2="0" tag="650"><subfield code="a">Stochastic processes</subfield><subfield code="v">Problems, exercises, etc</subfield></datafield><datafield ind1=" " ind2="0" tag="650"><subfield code="a">Stochastic processes</subfield><subfield code="v">Textbooks</subfield></datafield><datafield ind1=" " ind2="7" tag="650"><subfield code="a">Processus stochastiques</subfield><subfield code="0">(IDREF)027241300</subfield><subfield code="2">idref</subfield></datafield><datafield ind1=" " ind2="7" tag="650"><subfield code="a">Processus stochastiques</subfield><subfield code="2">ram</subfield></datafield><datafield ind1=" " ind2="6" tag="650"><subfield code="a">Processus stochastiques</subfield><subfield code="v">Manuels d'enseignement supérieur</subfield></datafield><datafield ind1=" " ind2="6" tag="650"><subfield code="a">Processus stochastiques</subfield><subfield code="v">Problèmes et exercices</subfield></datafield><datafield ind1=" " ind2="7" tag="655"><subfield code="a">Problèmes et exercices</subfield><subfield code="0">(IDREF)027790517</subfield><subfield code="2">idref</subfield></datafield><datafield ind1=" " ind2=" " tag="911"><subfield code="a">100</subfield><subfield code="a">Lessard, Sabin</subfield><subfield code="d">1951-</subfield></datafield></record>
</metadata></record>