<record><header><identifier>oai:alma.41SLSP_UGE:991000773569705502</identifier><datestamp>2023-03-01T01:10:18Z</datestamp><setSpec>uge_bcen_RapidILL_BOOK</setSpec><setSpec>uge_aaca_RapidILL_BOOK</setSpec><setSpec>uge_abels_RapidILL_BOOK</setSpec><setSpec>uge_dbu_RapidILL_BOOK</setSpec><setSpec>uge_cmu_RapidILL_BOOK</setSpec><setSpec>uge_mail_RapidILL_BOOK</setSpec><setSpec>UNIGE_ALL</setSpec><setSpec>uge_abbat_RapidILL_BOOK</setSpec><setSpec>uge_aobs_RapidILL_BOOK</setSpec><setSpec>uge_acar_RapidILL_BOOK</setSpec></header><metadata>
<record xmlns="http://www.loc.gov/MARC21/slim" xmlns:xsi="http://www.w3.org/2001/XMLSchema-instance" xsi:schemaLocation="http://www.loc.gov/MARC21/slim http://www.loc.gov/standards/marcxml/schema/MARC21slim.xsd"><leader>01831nam a2200325 c 4500</leader><controlfield tag="001">991000773569705502</controlfield><controlfield tag="005">20230210173908.0</controlfield><controlfield tag="008">090311s2008    ru ||||| |||| 00| ||rus d</controlfield><datafield ind1=" " ind2=" " tag="020"><subfield code="a">9785979601250</subfield></datafield><datafield ind1="7" ind2=" " tag="024"><subfield code="a">http://catalogue.bnf.fr/ark:/12148/cb414913696</subfield><subfield code="2">uri</subfield></datafield><datafield ind1=" " ind2=" " tag="035"><subfield code="a">(swissbib)107806258-41slsp_network</subfield></datafield><datafield ind1=" " ind2=" " tag="035"><subfield code="a">107806258</subfield><subfield code="9">ExL</subfield></datafield><datafield ind1=" " ind2=" " tag="035"><subfield code="a">(RERO)R005014557-41slsp</subfield></datafield><datafield ind1=" " ind2=" " tag="035"><subfield code="a">(EXLNZ-41SLSP_NETWORK)991160203799705501</subfield></datafield><datafield ind1=" " ind2=" " tag="040"><subfield code="a">RERO geulru</subfield><subfield code="d">CH-ZuSLS</subfield></datafield><datafield ind1="1" ind2=" " tag="041"><subfield code="a">rus</subfield><subfield code="h">rum</subfield></datafield><datafield ind1=" " ind2="7" tag="072"><subfield code="a">ru</subfield><subfield code="2">rero</subfield></datafield><datafield ind1="1" ind2=" " tag="100"><subfield code="a">Kovács, Albert</subfield><subfield code="0">(RERO)A016347244</subfield><subfield code="4">cre</subfield></datafield><datafield ind1="1" ind2="0" tag="245"><subfield code="6">880-01</subfield><subfield code="a">Poėtika Dostoevskogo</subfield><subfield code="c">Alʹbert Kovach ; perevod s rumynskogo Eleny Loginovskoĭ</subfield></datafield><datafield ind1="1" ind2="0" tag="880"><subfield code="6">245-01/(N</subfield><subfield code="a">Поэтика Достоевского</subfield><subfield code="c">Альберт Ковач ; перевод с румынского Елены Логиновской</subfield></datafield><datafield ind1="1" ind2=" " tag="246"><subfield code="a">Poėtika Dostoevskogo / Alʹbert Kovač ; perevod s rumynskogo Eleny Loginovskoj</subfield></datafield><datafield ind1=" " ind2="1" tag="264"><subfield code="6">880-02</subfield><subfield code="a">Moskva</subfield><subfield code="b">Vodolej Publishers</subfield><subfield code="c">2008</subfield></datafield><datafield ind1=" " ind2="1" tag="880"><subfield code="6">264-02/(N</subfield><subfield code="a">Москва</subfield><subfield code="b">Водолей Publishers</subfield><subfield code="c">2008</subfield></datafield><datafield ind1=" " ind2=" " tag="300"><subfield code="a">350 p.</subfield></datafield><datafield ind1=" " ind2=" " tag="336"><subfield code="b">txt</subfield><subfield code="2">rdacontent</subfield></datafield><datafield ind1=" " ind2=" " tag="337"><subfield code="b">n</subfield><subfield code="2">rdamedia</subfield></datafield><datafield ind1=" " ind2=" " tag="338"><subfield code="b">nc</subfield><subfield code="2">rdacarrier</subfield></datafield><datafield ind1=" " ind2=" " tag="500"><subfield code="a">Traduit de: Poetica lui Dostoievski</subfield></datafield><datafield ind1="1" ind2="7" tag="600"><subfield code="a">Dostoïevski, Fedor Mikhailovitch</subfield><subfield code="d">1821-1881</subfield><subfield code="0">(IDREF)02683572X</subfield><subfield code="2">idref</subfield></datafield><datafield ind1=" " ind2="7" tag="650"><subfield code="a">Poétique</subfield><subfield code="0">(IDREF)027336654</subfield><subfield code="2">idref</subfield></datafield><datafield ind1=" " ind2=" " tag="900"><subfield code="a">REROnoselfmerge</subfield></datafield></record>
</metadata></record>